timestamp,cid,activate/deactivate,bid/ask,orderid,price,qty
09:30:00:310,TSDU_755,activate,bid,BAQIUMXXVR,13401,168
09:30:00:844,ZTBU_684,activate,bid,UXBLXYHURX,13492,72
09:30:00:971,PLPT_189,activate,bid,JZMLZUBBQI,13468,72
09:30:01:208,WXPU_028,activate,bid,BGYFTYCWCW,13415,60
09:30:01:771,LVBW_250,activate,ask,UVORQGUNBA,13500,72
09:30:02:415,ZVJA_679,activate,bid,GMLIIWOMVC,13406,60
09:30:03:015,TLKP_290,activate,ask,RLGEPKXTNK,13525,360
09:30:03:364,DOTZ_154,activate,bid,DALQAHYYMZ,13499,108
09:30:03:918,XPKU_205,activate,bid,JHUORFHWJZ,13247,72
09:30:03:925,XPKU_205,deactivate,ask,RLGEPKXTNK,None,None
09:30:04:551,YXZW_561,activate,bid,BUPXEVEIGE,13479,96
09:30:04:637,NCDC_493,activate,bid,KXUTXEARTW,13463,7
09:30:04:958,KJDQ_398,activate,ask,VLIHVFMLYG,13509,70
09:30:05:260,VSND_685,activate,bid,MAJQFCVWUL,13310,10
09:30:05:406,LMCM_188,activate,ask,SIWYVXTXMY,13506,360
09:30:05:941,ZAXI_217,activate,bid,YPHIPDDKEL,13462,40
09:30:06:093,TFST_877,activate,ask,BVESCIFVOS,13562,24
09:30:06:727,TFST_877,deactivate,ask,SIWYVXTXMY,None,None
09:30:07:337,GZTK_332,activate,ask,TLTLGXWLJF,13710,360
09:30:07:770,SIYH_686,activate,ask,YJDRTDTKYR,13580,64
09:30:07:923,XOJB_190,activate,ask,MTBGUZKVZU,13557,36
09:30:08:420,FFLO_530,activate,ask,PQZYDAZJWU,13504,160
09:30:08:877,HPOX_202,activate,bid,AFXTWQXKSV,13447,105
09:30:09:316,TSAO_461,activate,ask,UIDLNVPKTF,13501,800
09:30:09:706,WQMD_156,activate,bid,HXKRFQAJGE,13460,360
09:30:10:003,GMCR_054,activate,ask,PYSGXNRZRT,13502,32
09:30:10:047,ILQT_147,activate,ask,ZPCMVBWDDP,13551,144
09:30:10:708,LMCM_188,activate,bid,NEZUQSJQSI,13366,200
09:30:11:339,WNPO_051,activate,ask,ESQKXTXZUU,14163,36
09:30:11:638,MDWV_305,activate,bid,NQQDEPKUJX,13476,120
09:30:11:753,TLKP_290,activate,ask,XELPBYQKPL,13539,120
09:30:12:000,TOEY_561,activate,ask,BZUKYEWUHV,14052,72
09:30:12:360,TCUR_853,activate,bid,BRVLPYTNGK,13186,70
09:30:12:959,BMDN_002,activate,bid,TBMNTRIARJ,13499,168
09:30:12:981,MUMV_408,activate,bid,OQCNESLOIP,13481,450
09:30:13:271,NFCJ_991,activate,bid,JYVCYFUAWO,13445,480
09:30:13:494,NFCJ_991,deactivate,ask,ESQKXTXZUU,None,None
09:30:13:700,NFCJ_991,deactivate,ask,UIDLNVPKTF,None,None
09:30:14:000,VCIO_035,activate,ask,EUMOKWNTIM,13534,60
09:30:14:090,BFDD_288,activate,bid,RIDKSXNXAF,13390,18
09:30:14:339,LWCA_600,activate,ask,JYLTCAQLFJ,13500,40
09:30:14:521,TKNN_074,activate,ask,NWCGTBVBHI,13542,6
09:30:14:698,TKNN_074,deactivate,bid,NEZUQSJQSI,None,None
09:30:14:803,YXZW_561,activate,ask,ACKTATKLVQ,13526,420
09:30:14:840,ONGP_558,activate,ask,BYGGTCWWKN,13710,288
09:30:15:028,MDWV_305,activate,bid,RBDWCQXTGZ,13492,180
09:30:15:157,MUMV_408,activate,bid,CIZJGXHNAM,13499,8
09:30:15:182,RBLJ_404,activate,bid,POEPAHIBNU,13451,150
09:30:15:386,MUMV_408,activate,bid,QDPYIEODRE,13464,720
09:30:16:056,RJHA_711,activate,bid,HHORWNLVHT,13499,14
09:30:16:447,RJHA_711,deactivate,bid,MAJQFCVWUL,None,None
09:30:16:731,RJHA_711,activate,bid,ZXGQYVFUIQ,13487,240
09:30:17:177,USBV_898,activate,bid,LNLJVCHNHN,13489,168
09:30:17:655,USBV_898,deactivate,ask,VLIHVFMLYG,None,None
09:30:17:681,SYIY_540,activate,bid,SQMRYSTRWT,13435,240
09:30:17:960,ZBVS_913,activate,ask,ZPVDZSUFWW,13596,140
09:30:18:593,TSAO_461,activate,bid,SUBUJETOEM,13154,144
09:30:18:643,PCSH_366,activate,bid,BREBGEYNLF,13441,216
09:30:19:167,ROEX_888,activate,bid,VUSGGEWCAB,13441,48
09:30:19:442,MUMV_408,activate,ask,CEQYNHXHOO,13519,72
09:30:19:702,BDUV_963,activate,bid,DNKHRTUCGL,13277,600
09:30:20:199,ZVJA_679,activate,bid,OUUIUUMRDS,13391,15
09:30:20:740,QQKN_297,activate,bid,BBPPFVKBWU,13316,54
09:30:21:028,TOEY_561,activate,ask,SZZMWHHMWO,13556,40
09:30:21:359,TOEY_561,activate,bid,HPHRPZSZCC,13400,96
09:30:21:978,XEDQ_246,activate,ask,JEJWKETZCQ,13597,160
09:30:22:374,GZTK_332,activate,bid,BPUHHMTSDZ,13231,36
09:30:22:484,AIWX_780,activate,bid,OEAZCISKXB,13500,108
09:30:22:994,ILQT_147,activate,bid,FTBYWTZZIE,13483,108
09:30:23:122,FFLO_530,activate,ask,DQNIWKCGXO,13570,192
09:30:23:251,VSND_685,activate,ask,PPVKCJVIXB,13510,280
09:30:23:866,ROEX_888,activate,ask,XMPFWWWTLY,13532,252
09:30:24:448,HPOX_202,activate,ask,JWDRYERGPR,13501,192
09:30:24:628,TOEY_561,activate,ask,EKACPGCAMV,14255,42
09:30:25:193,QQKN_297,activate,ask,AFAVRQHZJK,13622,104
09:30:25:513,FJGE_609,activate,ask,FLMJANFRAN,13502,144
09:30:25:947,EAVH_368,activate,ask,EVZZHNPVBV,13539,54
09:30:26:175,VXLP_960,activate,bid,TDSTTGUDMJ,13500,84
09:30:26:203,VXLP_960,activate,bid,NUFZAWSLOD,13494,256
09:30:26:882,HPOX_202,activate,bid,HAXCBCBSSS,12954,189
09:30:27:060,PMWA_283,activate,ask,VXCXEZKLUS,13549,168
09:30:27:171,DOTZ_154,activate,ask,LBLIYNXISK,13539,16
09:30:27:236,DOTZ_154,deactivate,bid,JZMLZUBBQI,None,None
09:30:27:696,WXPU_028,activate,bid,PFCFWGEUBU,13334,200
09:30:28:120,BDUV_963,activate,ask,XCOGQPUZAG,13616,192
09:30:28:206,LVZD_988,activate,bid,QKSMRMOJRM,13488,72
09:30:28:658,SYIY_540,activate,ask,URWHQBMYXV,13762,54
09:30:28:709,CLPE_513,activate,bid,PEJXJLWAMP,13498,30
09:30:29:381,VDYK_729,activate,ask,KTBLIWGAXZ,13631,49
09:30:29:508,WTJS_734,activate,ask,QQWVOOIREJ,13718,72
09:30:29:610,JHNQ_723,activate,bid,QTQQEEJCFD,12877,30
09:30:29:728,WQMD_156,activate,bid,DZDCMUBAUO,13367,16
09:30:30:163,KZQQ_502,activate,bid,GPPMLURTEM,13375,120
09:30:30:342,KZQQ_502,deactivate,bid,HXKRFQAJGE,None,None
09:30:30:580,BMDN_002,activate,ask,QAVMLRWILM,13572,75
09:30:30:715,SGQU_037,activate,bid,BRPDBZXOWC,13493,18
09:30:31:267,GFKB_410,activate,ask,TAOEEIXFAD,13596,4
09:30:31:877,WXCX_121,activate,bid,EXTMOZUXYG,13444,384
09:30:31:938,NFCJ_991,activate,ask,VUQTQMQGVX,13902,54
09:30:32:197,TTGN_389,activate,ask,GYUXFCEABI,13663,28
09:30:32:426,TTGN_389,activate,bid,POYWAXHYDL,13388,144
09:30:33:050,GMCR_054,activate,ask,WWRVRKFQUP,13732,400
09:30:33:193,HPOX_202,activate,bid,TRKIRKKGXP,13487,32
09:30:33:482,RPVI_427,activate,bid,VABRSMWFBF,13388,90
09:30:33:634,RBLJ_404,activate,bid,YBDRJZVYDG,13499,144
09:30:34:304,LVBW_250,activate,ask,JTQKPYXGTR,13501,96
09:30:34:845,BFDD_288,activate,bid,JSVWGZLEVE,13478,20
09:30:35:212,XPKU_205,activate,ask,GACOQQGYYT,13531,480
09:30:35:626,DOTZ_154,activate,ask,AEZMMIMRGD,13506,10
09:30:35:633,RSMB_782,activate,bid,SIRAWVPCOU,13475,30
09:30:36:128,CLPE_513,activate,bid,OFZUJFIIAE,13483,120
09:30:36:189,NFCJ_991,activate,bid,DVECKZMEJB,13489,36
09:30:36:461,NFCJ_991,deactivate,ask,SZZMWHHMWO,None,None
09:30:36:584,XPKU_205,activate,bid,VRXCODYHHU,13499,72
09:30:36:663,ZVJA_679,activate,bid,ATERALDTMP,13376,90
09:30:36:884,BFDD_288,activate,bid,CPMWHUSAPF,13491,96
09:30:37:451,BFDD_288,deactivate,bid,KXUTXEARTW,None,None
09:30:37:931,ZABL_910,activate,bid,DXEUQMSPRT,13440,160
09:30:38:134,GFKB_410,activate,ask,XHKAOEMOXS,13739,90
09:30:38:238,DJGA_355,activate,bid,OYNYTPEBHT,13465,63
09:30:38:433,LVBW_250,activate,bid,EDMFMLUDKF,13235,144
09:30:38:604,WNPO_051,activate,bid,FOSJPHBNLU,13483,288
09:30:38:895,VCIO_035,activate,bid,HENETNDREE,13229,80
09:30:39:071,GUDK_472,activate,ask,LVVYZBMIUS,14091,264
09:30:39:288,TKNN_074,activate,bid,MSZNCQEGCF,13353,735
09:30:39:757,TKNN_074,deactivate,ask,AEZMMIMRGD,None,None
09:30:40:325,AIWX_780,activate,ask,XMAZFPDJIJ,13506,96
09:30:40:449,TSAO_461,activate,ask,IAAZXHQAXO,14122,192
09:30:40:757,LFDQ_061,activate,bid,UPNAJJLEQY,13482,336
09:30:41:286,LWCA_600,activate,bid,VEMOMJGUHP,13425,80
09:30:41:490,LWCA_600,deactivate,bid,TDSTTGUDMJ,None,None
09:30:41:760,XOJB_190,activate,bid,RBLWZARRVA,13090,100
09:30:42:439,GUDK_472,activate,ask,TQHHDGDWTO,13505,576
09:30:42:765,ROEX_888,activate,ask,ASIVHWAZFQ,13552,32
09:30:43:436,DOTZ_154,activate,ask,KOBMEDCPHP,13518,396
09:30:43:500,DOTZ_154,deactivate,bid,FOSJPHBNLU,None,None
09:30:43:825,TTGN_389,activate,ask,WTDWRKSZMI,13513,60
09:30:44:214,TTGN_389,deactivate,ask,NWCGTBVBHI,None,None
09:30:44:725,PMWA_283,activate,bid,ZUTJWCAIVL,13488,252
09:30:45:272,VCIO_035,activate,bid,FLQPWKBKWY,13492,90
09:30:45:381,DOTZ_154,activate,bid,NELMPLLVYG,13447,384
09:30:45:516,PCSH_366,activate,ask,WQRLAOZODN,13782,120
09:30:45:911,LFDQ_061,activate,bid,TIYEJMPDFU,13105,96
09:30:46:464,LFDQ_061,deactivate,ask,XMPFWWWTLY,None,None
09:30:46:506,SGQU_037,activate,ask,GBJBJHNCIW,13536,30
09:30:46:557,AHPS_810,activate,ask,QMXJREBEBH,13522,36
09:30:47:217,DJGA_355,activate,ask,UFMSTCGUEI,13508,210
09:30:47:915,GHXZ_344,activate,ask,NZFZLYQSIP,14249,112
09:30:48:014,YLKV_982,activate,ask,GYBITXIAIP,13799,120
09:30:48:673,WQMD_156,activate,ask,IABMIMVKNC,13632,48
09:30:49:095,JHNQ_723,activate,ask,RQUKFNWSCO,13512,108
09:30:49:343,ZABL_910,activate,bid,YHEITPRTSH,13490,32
09:30:49:539,KDVX_065,activate,bid,IPXTVNTANX,13326,108
09:30:49:666,NKSJ_645,activate,bid,LFEHWSTPWN,13501,64
09:30:50:108,HPOX_202,activate,ask,HSPSQEAAAH,13509,96
09:30:50:474,HPOX_202,deactivate,ask,VXCXEZKLUS,None,None
09:30:50:616,PCSH_366,activate,ask,PDEZSZGIHL,13529,495
09:30:50:660,GOKJ_013,activate,ask,KUZZGOUKVK,13700,168
09:30:51:195,RPVI_427,activate,bid,IKMCIREBJC,13247,168
09:30:51:862,SYIY_540,activate,ask,PRELHTUJGK,13503,42
09:30:52:524,XPKU_205,activate,ask,WWPOYAZPEG,13699,160
09:30:52:648,WNPO_051,activate,ask,LBLIKTJELP,13549,60
09:30:53:074,JHNQ_723,activate,bid,GCFCGPAOCO,12777,96
09:30:53:352,JHNQ_723,deactivate,bid,JSVWGZLEVE,None,None
09:30:53:512,DAAN_057,activate,bid,AEIMNRWYAB,13495,100
09:30:53:845,DAAN_057,deactivate,ask,EVZZHNPVBV,None,None
09:30:54:096,ROEX_888,activate,ask,VUUVKCFZIL,13507,189
09:30:54:480,KIUK_592,activate,ask,MTPWXFSAEC,14601,144
09:30:54:713,HPOX_202,activate,ask,UOQWORYWUQ,13505,32
09:30:54:946,SGQU_037,activate,bid,XCGBNHLYWX,13480,25
09:30:55:099,YCMY_801,activate,bid,CXWFQXNHJB,13500,40
09:30:55:778,YCMY_801,deactivate,bid,SUBUJETOEM,None,None
09:30:56:115,RBLJ_404,activate,bid,YSZDMARKMH,13407,125
09:30:56:192,ROEX_888,activate,bid,QBIZMTEARO,13500,324
09:30:56:691,LFDQ_061,activate,bid,PCJMHSXHED,13478,100
09:30:57:191,YIZD_457,activate,bid,CFMWLEKLTD,13363,336
09:30:57:410,GHHY_942,activate,bid,HALHEUWUMJ,13496,24
09:30:57:895,BMDN_002,activate,bid,JDULQAEZVW,13380,300
09:30:58:095,TFST_877,activate,ask,AAUGSIXBJM,13548,72
09:30:58:357,LFDQ_061,activate,ask,BJMGLUSXPC,13532,12
09:30:58:943,AJWE_569,activate,ask,SHEZKSQICJ,13524,48
09:30:59:505,PLPT_189,activate,ask,HEIZWYPMYA,13828,72
09:30:59:569,AHPS_810,activate,bid,OGCMKOEEKR,13502,180
09:31:00:154,XEDQ_246,activate,bid,CFUJRZXZAB,13448,375
09:31:00:457,XEDQ_246,deactivate,bid,CFMWLEKLTD,None,None
09:31:00:788,ZABL_910,activate,bid,IUCMONKLDO,13475,72
09:31:00:825,ZABL_910,deactivate,ask,RQUKFNWSCO,None,None
09:31:01:279,NKSJ_645,activate,ask,UQDWZNBXXX,13513,24
09:31:01:976,NFCJ_991,activate,ask,FFYPKCAQUN,13728,180
09:31:02:350,AGKW_757,activate,ask,BBFKZOPYOM,13541,180
09:31:02:491,AGKW_757,deactivate,bid,HENETNDREE,None,None
09:31:02:622,YFOU_374,activate,bid,ZLETGJXRBU,13473,48
09:31:02:929,ZAXI_217,activate,bid,YOKRUGOPJG,12995,168
09:31:03:590,NFCJ_991,activate,ask,VDKDGVWAJD,13889,60
09:31:04:116,GZTK_332,activate,ask,CKEBGSWLWM,13514,297
09:31:04:396,ZVJA_679,activate,bid,GSCYSVXNQP,13498,100
09:31:04:998,AIWX_780,activate,ask,FIFABTDWME,13648,64
09:31:05:338,YKYS_500,activate,ask,WQBAJBHACI,13867,72
09:31:05:499,RJHA_711,activate,ask,QWBPTNTRVA,13532,66
09:31:05:730,KIUK_592,activate,bid,EGTTTJNDDX,13500,18
09:31:06:087,GFKB_410,activate,ask,CUKLZNEHQN,13504,72
09:31:06:517,WQMD_156,activate,ask,VPZHLEXDOE,13503,24
09:31:06:731,GHXZ_344,activate,ask,YLQWYNRXCI,13513,108
09:31:07:228,PCSH_366,activate,ask,FNJXFRXJHM,13519,200
09:31:07:244,YKYS_500,activate,ask,KQDSADLZBS,13556,54
09:31:07:392,ROEX_888,activate,bid,MNMVVRLZOE,13322,108
09:31:07:871,PCSH_366,activate,bid,OVQOPWOVDA,13502,216
09:31:08:468,YCMY_801,activate,ask,IBGDMLCHNR,13639,120
09:31:08:759,ZABL_910,activate,bid,JTNPHNLSTY,13340,90
09:31:09:056,ZAXI_217,activate,ask,NQUUWXGYFJ,13534,96
09:31:09:729,ZAXI_217,deactivate,bid,YHEITPRTSH,None,None
09:31:09:957,VCIO_035,activate,ask,OGWBDXUTVK,13508,300
09:31:09:973,FFLO_530,activate,bid,BNRCZFMVTU,13295,96
09:31:10:153,FFLO_530,deactivate,bid,CPMWHUSAPF,None,None
09:31:10:811,YFOU_374,activate,ask,FNOMDZIFVE,13508,270
09:31:11:361,YFOU_374,deactivate,bid,CFUJRZXZAB,None,None
09:31:11:739,YFOU_374,deactivate,ask,PQZYDAZJWU,None,None
09:31:12:141,BFDD_288,activate,ask,WPNEJPPWTR,13523,90
09:31:12:224,WXCX_121,activate,bid,MNDLSCIFFV,13207,72
09:31:12:336,WQMD_156,activate,ask,TWLXZRDISU,13510,14
09:31:12:396,CLPE_513,activate,bid,KOOKGRTGAU,13498,224
09:31:13:070,ZBVS_913,activate,ask,XXZDCWHAZL,13516,72
09:31:13:768,YFOU_374,activate,ask,ZASYOATDEQ,13524,70
09:31:14:020,LMCM_188,activate,bid,IFFJJQZVZG,13501,60
09:31:14:580,MCWL_141,activate,ask,CRFJNNTICC,13540,60
09:31:15:090,TTGN_389,activate,bid,XKWOTAFEUY,13494,32
09:31:15:729,DAAN_057,activate,bid,UZPZLMWWRK,13486,132
09:31:15:844,WTJS_734,activate,bid,TZFEAAPVLH,13498,400
09:31:15:929,BDUV_963,activate,ask,PGYSMYSOUU,13782,80
09:31:16:375,GHHY_942,activate,bid,ZUNXNUBLNE,13486,48
09:31:16:949,GMCR_054,activate,ask,NOZAXSSGOX,13509,54
09:31:17:497,HPOX_202,activate,ask,ZJKIUJYZAS,13540,192
09:31:17:560,SIYH_686,activate,bid,VSRYVTOSXT,13485,72
09:31:17:669,GHHY_942,activate,bid,CZJVKUEGAH,13469,144
09:31:17:727,GHHY_942,deactivate,ask,IAAZXHQAXO,None,None
09:31:18:310,EAVH_368,activate,ask,ZYBFTFEIWT,13504,56
09:31:18:567,ZTBU_684,activate,ask,YYUEMBCDDL,13540,96
09:31:19:219,ZBVS_913,activate,bid,YJQGDWDRBP,13485,240
09:31:19:546,ZBVS_913,deactivate,bid,VRXCODYHHU,None,None
09:31:19:746,SUEP_957,activate,bid,NZHWVKWYMO,13332,96
09:31:20:107,LQLX_167,activate,bid,GHZJXHRPPF,13354,72
09:31:20:242,DAAN_057,activate,ask,CSWRIXUJPE,13507,160
09:31:20:350,GUDK_472,activate,bid,JEQKFRQTFQ,13234,16
09:31:20:898,WQMD_156,activate,ask,HRYKKKONWJ,13615,315
09:31:21:054,RJHA_711,activate,ask,JQVSXCBNSX,13539,270
09:31:21:181,FFLO_530,activate,bid,WOSYKXPODU,13474,84
09:31:21:493,LMCM_188,activate,ask,QPJCREFWSD,13626,162
09:31:22:084,LAQV_775,activate,ask,IBQXIHANNW,13593,108
09:31:22:240,GMCR_054,activate,ask,NWWKBXAKXH,13592,12
09:31:22:444,MDWV_305,activate,ask,AVYWHHPFQV,13685,384
09:31:23:117,RPVI_427,activate,bid,IVHEPFNYKR,13455,324
09:31:23:747,JHNQ_723,activate,ask,HCHJSDHBLH,13504,140
09:31:24:096,YXZW_561,activate,bid,JMMEBXMWMB,13501,30
09:31:24:437,NFCJ_991,activate,bid,JIDIMISGYR,13455,72
09:31:25:076,ZEWX_502,activate,bid,DBJVCGXEUA,13415,360
09:31:25:692,VSND_685,activate,ask,YHITDHOCNM,13542,180
09:31:25:941,PLFG_686,activate,bid,HRGDOWDRIY,13501,96
09:31:26:632,AHPS_810,activate,ask,QAPBKQPZJS,13555,108
09:31:27:236,AHPS_810,deactivate,bid,GPPMLURTEM,None,None
09:31:27:890,RJHA_711,activate,bid,YMHSRYRDKA,13489,90
09:31:28:583,YIZD_457,activate,bid,JMFYTZJNXX,13459,96
09:31:28:875,USBV_898,activate,ask,RHJZVSPXAP,13540,30
09:31:29:350,BMDN_002,activate,bid,EBFTJVMZJY,13490,336
09:31:30:008,WXPU_028,activate,bid,PDVDFLRHTN,13214,40
09:31:30:640,RSMB_782,activate,bid,RRVDAVDGVS,13388,120
09:31:31:273,ZVJA_679,activate,ask,HEDOOQKVDT,13504,288
09:31:31:548,WXCX_121,activate,ask,FFXXYBZPLD,13616,90
09:31:31:868,WXCX_121,deactivate,ask,ZASYOATDEQ,None,None
09:31:32:207,JHTZ_953,activate,ask,GMVUXESJIT,13958,924
09:31:32:697,YLKV_982,activate,ask,MHJSTXNXFD,13727,360
09:31:33:356,NFCJ_991,activate,bid,FFWNFESUXG,13494,64
09:31:33:598,LWCA_600,activate,bid,UNGMPZULXO,13476,168
09:31:33:915,TKNN_074,activate,bid,XWCMUFVZSP,13501,32
09:31:34:467,NFCJ_991,activate,ask,XRIAVKEUUA,13548,240
09:31:35:152,YLKV_982,activate,bid,WTJPLPMHSU,13328,162
09:31:35:603,GUDK_472,activate,ask,TVCTJQJQJK,13519,378
09:31:35:989,ILQT_147,activate,bid,ZOBLQRCUBC,12974,60
09:31:36:562,EAVH_368,activate,bid,FOGOVWAAOW,13504,576
09:31:36:762,ONGP_558,activate,bid,ELXHXYFKSD,13424,180
09:31:37:259,GZTK_332,activate,ask,LCQPEAEEXM,13543,60
09:31:37:634,GZTK_332,activate,ask,LXTSUMRRIW,13547,60
09:31:37:640,YCMY_801,activate,bid,FLOBIBKLLK,13281,120
09:31:37:809,GZTK_332,activate,bid,JUWDBIHZIJ,12717,240
09:31:38:508,SYIY_540,activate,ask,GDPBKLTNOO,13630,192
09:31:38:925,JHTZ_953,activate,ask,YPXMXVTIIE,13542,144
09:31:39:156,TFST_877,activate,bid,FPCSIQGPBC,13502,72
09:31:39:614,USBV_898,activate,ask,EOSCBTZSXP,13544,56
09:31:39:845,VDYK_729,activate,ask,UJMACOCRGK,13579,60
09:31:40:492,MCWL_141,activate,ask,TMDHTCQAHZ,13629,192
09:31:41:010,MCWL_141,deactivate,ask,QMXJREBEBH,None,None
09:31:41:495,WNPO_051,activate,ask,KMJGLPVLCN,13506,320
09:31:41:583,WNPO_051,deactivate,ask,SHEZKSQICJ,None,None
09:31:41:913,TFST_877,activate,bid,MRWMPYOPJF,13378,96
09:31:42:040,PMWA_283,activate,ask,NAYREOZKUB,13597,600
09:31:42:690,YLKV_982,activate,bid,UUHXTXJNVF,13498,96
09:31:42:932,GHXZ_344,activate,ask,WSIRXGLWLL,13677,224
09:31:43:507,ZBVS_913,activate,bid,EXJHWZPCJL,13201,12
09:31:44:008,ZBVS_913,deactivate,bid,SIRAWVPCOU,None,None
09:31:44:375,NKSJ_645,activate,bid,ALYJDDPQPB,13423,90
09:31:44:584,ZBVS_913,activate,ask,JKRVYLCNYQ,13505,270
09:31:44:612,ZBVS_913,deactivate,ask,CEQYNHXHOO,None,None
09:31:45:268,WTJS_734,activate,ask,LZVAADKNXA,13581,176
09:31:45:630,WTJS_734,deactivate,bid,ALYJDDPQPB,None,None
09:31:46:281,LFDQ_061,activate,bid,QSYRWQUUSY,13357,72
09:31:46:638,LFDQ_061,deactivate,ask,ACKTATKLVQ,None,None
09:31:46:709,CLPE_513,activate,ask,BYRGQSTCQD,13510,240
09:31:46:788,AIWX_780,activate,bid,XYWEIRIDRG,13200,80
09:31:47:389,AIWX_780,deactivate,bid,DZDCMUBAUO,None,None
09:31:47:761,VXLP_960,activate,bid,ALQYULDJRP,13201,216
09:31:48:007,XEDQ_246,activate,ask,SKSPYFSYEK,13613,192
09:31:48:396,GZTK_332,activate,bid,OFXNJGSSFX,13460,336
09:31:49:006,XEDQ_246,activate,ask,JSUZWDNTNU,13508,80
09:31:49:231,SIYH_686,activate,bid,DLPIFCSNIS,13314,120
09:31:49:802,NCDC_493,activate,bid,NBSAQUEERU,13486,10
09:31:50:315,TOEY_561,activate,bid,RFAMMFVNWA,13454,288
09:31:50:801,YIZD_457,activate,bid,UBOYZVMAIB,13479,96
09:31:51:192,LVBW_250,activate,bid,GTJADCWVQT,13501,200
09:31:51:806,AGKW_757,activate,bid,YMOIHBAAEV,13492,432
09:31:51:854,LVBW_250,activate,bid,DOUZWSKKUX,13503,180
09:31:52:260,LVBW_250,deactivate,bid,TIYEJMPDFU,None,None
09:31:52:324,AIWX_780,activate,bid,UOPUGWUFYE,13177,240
09:31:52:907,LZHC_008,activate,ask,CDJOPFFDGV,13506,144
09:31:53:220,DOTZ_154,activate,ask,RRNHQJBQYJ,13561,60
09:31:53:274,MDWV_305,activate,ask,DWQLGKBWXV,13522,60
09:31:53:447,PCSH_366,activate,ask,NYYEZRBNAX,13578,84
09:31:53:634,GFKB_410,activate,bid,JXPOUXCSWK,13500,40
09:31:54:162,RPVI_427,activate,bid,DSNULZDAXC,13181,90
09:31:54:658,RWFP_299,activate,bid,BYOQSRYNFB,13504,54
09:31:54:978,KDVX_065,activate,ask,UQHCVLCDGX,13548,72
09:31:55:639,TTGN_389,activate,bid,BXBWIRTNCA,13493,120
09:31:55:852,RJHA_711,activate,ask,GMDRDGKGXV,13600,96
09:31:56:131,KJDQ_398,activate,bid,AQQITMHJWY,13075,8
09:31:56:428,KJDQ_398,deactivate,bid,DXEUQMSPRT,None,None
09:31:56:969,PLFG_686,activate,ask,DRBWFVNQTY,13580,160
09:31:57:465,JHNQ_723,activate,bid,AETULWGDAP,13402,80
09:31:58:134,JHNQ_723,deactivate,ask,TQHHDGDWTO,None,None
09:31:58:420,LZHC_008,activate,bid,PWXQSGFNQH,13484,216
09:31:58:753,PMWA_283,activate,ask,ZGCPRYLNQS,13575,48
09:31:59:016,TSDU_755,activate,bid,TGKVZYFRDH,13302,144
09:31:59:622,ZTBU_684,activate,ask,AQCSJVSPWP,13809,140
09:32:00:233,ZAXI_217,activate,ask,VFICRBBKTX,13543,504
09:32:00:704,LAQV_775,activate,ask,HUHMIBPKOT,13506,54
09:32:01:328,GYWV_414,activate,ask,NLBCKBCUFR,13685,140
09:32:01:786,ZTBU_684,activate,bid,SUWCARQLAN,13450,288
09:32:02:454,YXZW_561,activate,bid,YUWWCTHXNO,13488,216
09:32:03:038,BFDD_288,activate,bid,PAYYQFNNOI,13496,200
09:32:03:361,FFLO_530,activate,bid,NPGWQLADZB,13347,36
09:32:03:978,PUUJ_280,activate,bid,ZXGDBOKGHB,13439,126
09:32:04:206,PUUJ_280,deactivate,bid,RRVDAVDGVS,None,None
09:32:04:370,SGQU_037,activate,bid,KSJGWPAWTD,13483,96
09:32:04:803,JHNQ_723,activate,ask,PKECNDPTPU,13546,56
09:32:05:474,TCUR_853,activate,bid,SOSASAKGMC,13502,216
09:32:05:999,LAQV_775,activate,bid,YRIHYOLWLM,12788,84
09:32:06:691,FJGE_609,activate,bid,TPOBAXHSDI,13478,128
09:32:07:246,BDUV_963,activate,bid,FZZSPPIWEC,13495,160
09:32:07:408,FJGE_609,activate,bid,CTOEUPNZZU,13504,144
09:32:07:552,FJGE_609,deactivate,ask,VUUVKCFZIL,None,None
09:32:08:175,YKYS_500,activate,ask,UEYNFUFRBT,14012,36
09:32:08:410,BMDN_002,activate,ask,ZDBTKQPKBF,13521,24
09:32:08:812,TSAO_461,activate,ask,QCDXQYSPWF,13513,112
09:32:09:281,TSAO_461,activate,bid,CXFOHFBLYR,13401,405
09:32:09:744,VXLP_960,activate,ask,HKCNBDPHEI,13536,18
09:32:10:290,ZBVS_913,activate,ask,CZONNOCPMG,13527,168
09:32:10:822,LFDQ_061,activate,ask,ITNUFVRZQA,13544,392
09:32:11:187,ROEX_888,activate,bid,PQFTAZGAGF,13012,30
09:32:11:743,LQLX_167,activate,bid,NLNXCWMURP,13504,28
09:32:12:004,LQLX_167,deactivate,ask,IBQXIHANNW,None,None
09:32:12:680,RWFP_299,activate,bid,ELVVOCVODL,13454,216
09:32:13:126,WTJS_734,activate,bid,SJGPXVTPMV,13471,400
09:32:13:266,LZHC_008,activate,bid,KEJJFLUIVV,13002,300
09:32:13:727,LZHC_008,activate,ask,XRMSUJTEFK,13520,48
09:32:14:091,ESUD_912,activate,ask,BECJCBNCVF,13510,72
09:32:14:243,ZEWX_502,activate,ask,VFOBMMHKAX,13509,48
09:32:14:288,GYWV_414,activate,bid,CKLUWWTMLN,13494,60
09:32:14:694,ZVJA_679,activate,bid,EXJWDJICIX,13330,24
09:32:15:262,XOJB_190,activate,ask,AXICHMSEZJ,13921,180
09:32:15:866,GYWV_414,activate,ask,FSIOUQVEMR,13507,360
09:32:16:361,HPOX_202,activate,bid,VLZJGNTNDD,13232,150
09:32:16:793,TCUR_853,activate,bid,ZKSHCZRWLE,13462,192
09:32:17:146,TCUR_853,deactivate,ask,CUKLZNEHQN,None,None
09:32:17:750,PLFG_686,activate,ask,UCORHGZMTX,13507,32
09:32:17:774,GYWV_414,activate,ask,DQWKYDCTLR,13619,320
09:32:18:215,YIZD_457,activate,bid,CBIOZXKRFR,13308,8
09:32:18:823,GHXZ_344,activate,ask,NTPRVHYTBK,13618,12
09:32:18:883,QQKN_297,activate,bid,IPFJSCDPPN,13488,360
09:32:19:557,GZTK_332,activate,ask,ZCUVZHVWOR,13519,60
09:32:20:179,TKNN_074,activate,ask,EVWIBPXQWX,13517,20
09:32:20:832,GMCR_054,activate,bid,HUXMVWBRSF,13453,288
09:32:21:228,GMCR_054,deactivate,bid,JMMEBXMWMB,None,None
09:32:21:459,BFDD_288,activate,ask,BNNRPYDQUN,13815,72
09:32:21:471,MUMV_408,activate,bid,KXQWERXHTM,13319,99
09:32:22:099,FFLO_530,activate,bid,LGTNTJFOKM,13458,144
09:32:22:450,YKYS_500,activate,ask,GDODPWGFKN,13509,60
09:32:22:701,KDVX_065,activate,ask,YXMLFHYUXD,13665,30
09:32:22:987,PMWA_283,activate,ask,AOSEBAJWXC,13512,240
09:32:23:514,TLKP_290,activate,bid,NELFQCIWYD,13327,66
09:32:23:762,TLKP_290,deactivate,bid,FTBYWTZZIE,None,None
09:32:24:250,MCWL_141,activate,ask,SULDXRLVJT,13967,240
09:32:24:828,KZQQ_502,activate,ask,KRPVPSNCQO,13564,90
09:32:25:472,WXPU_028,activate,ask,EGHLHLSRHR,13527,120
09:32:25:474,JHNQ_723,activate,bid,RJRCCLCOGB,13287,108
09:32:25:597,JHNQ_723,activate,bid,VQIDESMWNE,13447,60
09:32:25:888,AIWX_780,activate,bid,XYUSSZPDYK,13467,504
09:32:26:144,ROEX_888,activate,ask,DASLCERTAD,13530,60
09:32:26:626,LZHC_008,activate,ask,QCGKXMQRAB,13507,36
09:32:26:840,TKNN_074,activate,bid,CZXXXCAMXN,13331,108
09:32:27:463,RBLJ_404,activate,bid,IBAGNOBLBS,13216,256
09:32:27:523,ZEWX_502,activate,ask,SXPKPYRLDG,13532,45
09:32:27:934,BDUV_963,activate,bid,IAFOXDQCVK,13469,72
09:32:28:147,AIWX_780,activate,bid,DCFZMPLMYJ,13341,72
09:32:28:238,ILQT_147,activate,ask,QWTWUVBNVM,13507,54
09:32:28:671,GMCR_054,activate,bid,XCKQBZMEGJ,13462,432
09:32:29:173,ONGP_558,activate,bid,NJWRYJTGTG,13505,300
09:32:29:388,YKYS_500,activate,ask,RMNAWTVSWG,13789,45
09:32:29:412,TCUR_853,activate,ask,DLZLTQSTQS,13628,48
09:32:29:884,AHPS_810,activate,bid,NPAWPZRYVN,13197,288
09:32:30:377,EDAZ_814,activate,bid,DZCTFBDVKI,13493,252
09:32:30:958,FJGE_609,activate,bid,VEORWFFFST,13301,72
09:32:31:488,FJGE_609,deactivate,bid,CXWFQXNHJB,None,None
09:32:31:751,TOEY_561,activate,bid,VJOYLUJSAS,13498,243
09:32:32:400,ZVJA_679,activate,bid,YYUMUSASOJ,13505,60
09:32:32:834,ZVJA_679,deactivate,bid,ELVVOCVODL,None,None
09:32:33:317,ZTBU_684,activate,ask,HHIZRNIBKN,13515,126
09:32:33:937,ZBVS_913,activate,bid,DGLEVWXBZQ,13403,240
09:32:34:573,VDYK_729,activate,bid,QMBBPHCPPB,12794,360
09:32:34:758,TSAO_461,activate,ask,JBMJLAJMCM,13508,96
09:32:34:866,TSAO_461,deactivate,bid,DCFZMPLMYJ,None,None
09:32:35:230,JVMG_863,activate,bid,BYGOHUITEA,13411,48
09:32:35:554,BFDD_288,activate,bid,EHBBZJHOWS,13445,135
09:32:35:621,YKYS_500,activate,bid,EXXHFCXEZS,13461,48
09:32:35:734,ZABL_910,activate,bid,IBFUBVTJCW,13186,144
09:32:36:372,DOTZ_154,activate,bid,QPCNGSSDJE,13505,112
09:32:36:536,ILQT_147,activate,bid,CBOCPLVXDA,13304,60
09:32:36:985,TCUR_853,activate,ask,XGNNVAUBDC,13559,180
09:32:37:505,LMCM_188,activate,bid,AVXVHVITDO,13327,96
09:32:38:073,TSDU_755,activate,bid,QBOFBFSVJM,13474,224
09:32:38:256,TSDU_755,deactivate,bid,TGKVZYFRDH,None,None
09:32:38:567,SGQU_037,activate,ask,SWLROOBVNE,13509,288
09:32:39:082,MUMV_408,activate,bid,FMQVUSQKYJ,13283,168
09:32:39:402,XOJB_190,activate,ask,THNHKJZIEK,13555,180
09:32:40:066,KZQQ_502,activate,bid,FEQLDFEBHH,13448,126
09:32:40:452,TLKP_290,activate,ask,FOCCRHZAPB,13819,112
09:32:40:650,ONGP_558,activate,ask,KFQCKWDWUI,13561,210
09:32:41:084,KIUK_592,activate,bid,LOGXFWQOZQ,13355,448
09:32:41:450,TOEY_561,activate,ask,EZPTAOSCSE,13509,72
09:32:41:477,GOKJ_013,activate,ask,FDONPYXIBW,14029,72
09:32:41:661,VBWU_693,activate,ask,LUOHKZLGCL,13522,648
09:32:42:190,VDYK_729,activate,bid,KMVCJOMXMC,13468,216
09:32:42:585,VDYK_729,deactivate,bid,LFEHWSTPWN,None,None
09:32:42:769,CLPE_513,activate,ask,IRJVJUJJYX,13511,84
09:32:43:197,AHPS_810,activate,ask,ULYAJAVSSC,13508,108
09:32:43:467,KIUK_592,activate,ask,UYXLLPJYPT,13765,288
09:32:43:583,AJWE_569,activate,ask,NSMPHTMEUB,13531,90
09:32:43:717,AJWE_569,deactivate,ask,PDEZSZGIHL,None,None
09:32:43:853,ESUD_912,activate,bid,OHKQUOOGDB,13506,144
09:32:44:185,MDWV_305,activate,bid,NQOFAJYGSN,13430,144
09:32:44:222,ZABL_910,activate,bid,RBTLNGILEF,13311,72
09:32:44:683,MDWV_305,activate,bid,RDHTCVHMWD,13381,24
09:32:45:012,TCUR_853,activate,ask,ZUQJJGZXSG,13509,90
09:32:45:711,VSND_685,activate,ask,RSZIPKFBWO,13516,112
09:32:45:982,LZHC_008,activate,bid,FBPWYYRCIM,13459,112
09:32:46:297,SGQU_037,activate,bid,RTBLFBRSUD,13380,72
09:32:46:822,GFKB_410,activate,bid,AOEVRKKJLE,13448,64
09:32:46:963,PMWA_283,activate,bid,LLUUOVIVUN,13411,176
09:32:47:259,LVZD_988,activate,bid,BHWFSEQYEV,13482,120
09:32:47:569,EAVH_368,activate,ask,CINMVUNOQK,13553,120
09:32:47:742,YLKV_982,activate,ask,FQFTYEAZZQ,13518,56
09:32:48:428,ZVJA_679,activate,ask,SBTECCQQKC,13869,72
09:32:48:472,LZHC_008,activate,ask,EDUJDTQAVV,13999,225
09:32:48:669,MUMV_408,activate,ask,GTTEJTLPAL,13551,96
09:32:48:695,PCSH_366,activate,ask,KDRGIINCQX,13535,180
09:32:48:905,DOTZ_154,activate,ask,WSLXYCKWKB,13508,180
09:32:49:195,PLPT_189,activate,ask,SFBSSQZPTV,13600,420
09:32:49:604,GUDK_472,activate,ask,WLEBXAGGXJ,13595,30
09:32:50:116,TSDU_755,activate,ask,LVBSAYRLMV,13508,240
09:32:50:799,TSDU_755,activate,ask,NCXLWTRXQM,13630,150
09:32:51:127,PLFG_686,activate,ask,INFNFHQQQC,13512,126
09:32:51:224,AIWX_780,activate,ask,HYOUGTSEAE,13593,24
09:32:51:900,GZTK_332,activate,ask,CYTZBYDDUL,13709,180
09:32:51:953,DAAN_057,activate,ask,GVJZPTSPQO,13515,240
09:32:52:118,AHPS_810,activate,ask,KBCJPWHBSI,13683,400
09:32:52:571,ZABL_910,activate,bid,SNVMDPHRZP,13451,280
09:32:52:675,GZTK_332,activate,ask,KENYXWTZTU,13712,84
09:32:52:902,NCDC_493,activate,ask,VUTECSVECX,13523,320
09:32:53:550,PMWA_283,activate,bid,ATJUVIHTXP,13506,144
09:32:54:151,PMWA_283,deactivate,ask,AXICHMSEZJ,None,None
09:32:54:397,ONGP_558,activate,ask,BECRNRROZC,13701,32
09:32:54:662,WNPO_051,activate,ask,PTEGLTWLFR,13731,50
09:32:54:826,BDUV_963,activate,ask,LLIROOMKTA,13511,525
09:32:55:302,KDVX_065,activate,ask,YUIKBPOEIR,13606,144
09:32:55:895,TKNN_074,activate,ask,JRBUFRHVQU,13509,54
09:32:55:948,LVZD_988,activate,bid,GHITFMLKVG,13411,56
09:32:56:327,KZQQ_502,activate,bid,OBOFQGRRMA,13508,900
09:32:56:403,TSDU_755,activate,ask,PVUNYJSAMX,13653,3
09:32:57:066,ZTBU_684,activate,ask,ZYSDNDWHYJ,13705,96
09:32:57:358,HPOX_202,activate,ask,QJQMJDNKIF,13581,240
09:32:57:445,AHPS_810,activate,bid,OZBFQALWWY,13459,72
09:32:57:718,BFDD_288,activate,bid,SJYHTUFXNE,13457,192
09:32:58:139,YXZW_561,activate,bid,UGRGZISMXF,13450,25
09:32:58:593,CLPE_513,activate,bid,JZOLDRXZHX,13500,384
09:32:58:792,TOEY_561,activate,bid,LBRVNNPOJP,13458,150
09:32:58:918,PMWA_283,activate,ask,ZBYXLIEBFA,13755,189
09:32:58:945,LZHC_008,activate,ask,BNINNHDBBJ,14064,42
09:32:59:020,ZABL_910,activate,bid,RRLFXWXDQF,13508,72
09:32:59:697,ZEWX_502,activate,bid,HFGIBIUMJF,13508,24
09:33:00:356,TSAO_461,activate,ask,JOZBIHMZTB,13534,28
09:33:00:399,RJHA_711,activate,ask,ASYACPOEIA,13734,225
09:33:00:598,TSDU_755,activate,ask,BFAJMUDNZV,13672,48
09:33:01:087,YKYS_500,activate,ask,CBUUORLCXU,13510,840
09:33:01:346,LVZD_988,activate,ask,TCZZNHELJJ,13531,96
09:33:01:597,SIYH_686,activate,ask,MASBCPEDOJ,13548,126
09:33:02:001,ZAXI_217,activate,ask,DUJQZJTPRI,13510,180
09:33:02:035,ZAXI_217,deactivate,bid,SNVMDPHRZP,None,None
09:33:02:502,VCIO_035,activate,bid,SPDFVOHNJJ,13504,108
09:33:02:964,VCIO_035,deactivate,bid,KEJJFLUIVV,None,None
09:33:03:386,VCIO_035,deactivate,ask,UYXLLPJYPT,None,None
09:33:03:983,NKSJ_645,activate,ask,QBATXHJZZL,13514,30
09:33:04:027,KZQQ_502,activate,ask,GVQASJUHHH,13509,80
09:33:04:034,FZSQ_738,activate,bid,PXBASOAZDV,13387,216
09:33:04:147,QQKN_297,activate,bid,UNEQXDATMO,13411,192
09:33:04:223,GUDK_472,activate,ask,MBJFZOUYZX,13509,80
09:33:04:271,SUEP_957,activate,ask,OIDZCUUFZC,13523,540
09:33:04:513,SUEP_957,deactivate,bid,NELMPLLVYG,None,None
09:33:04:729,JVMG_863,activate,bid,YBGIPEOAMV,13506,720
09:33:04:803,TKNN_074,activate,ask,FPZWXGJTCO,13818,36
09:33:05:452,GFKB_410,activate,bid,AEMVEZMTXP,13278,81
09:33:05:461,VXLP_960,activate,ask,BVKODPIGAS,13614,140
09:33:05:924,EDAZ_814,activate,bid,FBLPAYAOBV,13482,672
09:33:06:247,LZHC_008,activate,bid,SMITGWGQQX,12914,24
09:33:06:596,EAVH_368,activate,ask,XJPRWXUERT,13594,360
09:33:07:004,TFST_877,activate,bid,PORSRDFDGB,13491,324
09:33:07:359,KIUK_592,activate,ask,VMLEOEVZXD,13769,18
09:33:07:783,VDYK_729,activate,ask,BRWJRILJEK,13775,24
09:33:08:228,FZSQ_738,activate,ask,WXESJPWVEY,13787,144
09:33:08:649,GUDK_472,activate,bid,QHDHPWODIF,13508,180
09:33:08:995,FJGE_609,activate,bid,UDTEAJGEGG,13282,32
09:33:09:427,VXLP_960,activate,bid,QTMTWQQCHH,13263,72
09:33:09:802,YKYS_500,activate,ask,ZNLVWVPEYE,13532,126
09:33:10:000,YKYS_500,deactivate,ask,DQWKYDCTLR,None,None
09:33:10:682,TCUR_853,activate,bid,BRGVPKFNRE,13472,360
09:33:11:117,GHXZ_344,activate,ask,QAGRQGVCAT,13543,8
09:33:11:629,LWCA_600,activate,ask,TOETZRQLHQ,13513,36
09:33:12:024,YXZW_561,activate,bid,DOSFDACYRR,13359,210
09:33:12:721,YXZW_561,deactivate,ask,WLEBXAGGXJ,None,None
09:33:13:125,SYIY_540,activate,ask,KDWUIGGMKD,14006,450
09:33:13:789,HPOX_202,activate,bid,LRBEJBFQQK,13065,72
09:33:13:833,VXLP_960,activate,ask,RPPZRVAQNQ,13563,36
09:33:14:282,GZTK_332,activate,ask,UXMLZHTLMJ,13530,288
09:33:14:834,LQLX_167,activate,ask,XQMYKXZWHI,13709,72
09:33:15:234,LWCA_600,activate,bid,RASGOEIUAL,13280,480
09:33:15:407,EDAZ_814,activate,bid,WWEXLRLFPK,13430,144
09:33:15:567,FFLO_530,activate,bid,MZHKPNNGLN,13505,240
09:33:15:570,WQMD_156,activate,bid,QMPVWSBUOH,13460,108
09:33:16:030,JVMG_863,activate,ask,RDNNQZFIJZ,13514,140
09:33:16:055,LAQV_775,activate,ask,NONILEKAHH,13821,108
09:33:16:747,KDVX_065,activate,bid,ZPLFOAYQIS,13239,160
09:33:17:026,DOTZ_154,activate,bid,QJWLOCCALK,13509,128
09:33:17:232,YLKV_982,activate,ask,CFPBDRLSYX,13511,144
09:33:17:508,WQMD_156,activate,ask,AVMDLMGDPT,13699,84
09:33:17:519,PCSH_366,activate,bid,YXKDOMSJDK,13323,16
09:33:17:749,NKSJ_645,activate,ask,WUPNMOMCYO,13741,45
09:33:18:306,ONGP_558,activate,bid,YGXTHIEPUF,13189,80
09:33:18:987,JHTZ_953,activate,ask,RFXRGIGPXH,13510,378
09:33:19:149,MDWV_305,activate,bid,EOQLTNIHWV,13494,700
09:33:19:351,ZBVS_913,activate,ask,JLWRFLDUEE,13510,48
09:33:19:727,TOEY_561,activate,bid,XPYKNIBCPF,13485,18
09:33:20:427,GYWV_414,activate,bid,OBXTIAUURN,13352,24
09:33:20:735,PMWA_283,activate,bid,WYTMGOPRQE,13196,96
09:33:21:282,ONGP_558,activate,bid,ILJJTAFCIE,13506,72
09:33:21:519,NFCJ_991,activate,bid,MBFBWELEXQ,13509,112
09:33:21:733,GOKJ_013,activate,ask,FVBXXIAJZP,13634,108
09:33:21:972,PLFG_686,activate,bid,XTMFJVFMYY,13509,180
09:33:22:345,TKNN_074,activate,ask,RERXNZABQZ,13532,224
09:33:22:590,DOTZ_154,activate,ask,TAOUXHTCHP,13561,224
09:33:23:140,PUUJ_280,activate,ask,WNUFTLQMUK,13627,36
09:33:23:765,YIZD_457,activate,ask,MGBTGGPGEQ,14043,168
09:33:24:429,ZEWX_502,activate,bid,DIVLJXEDSX,13496,112
09:33:24:761,KIUK_592,activate,ask,ITGICPESQT,13560,40
09:33:25:160,ZVJA_679,activate,ask,AWVCXRDHVG,13511,375
09:33:25:849,ZTBU_684,activate,ask,ZHWLBEPBBE,13518,432
09:33:25:998,JHTZ_953,activate,bid,LRPYOOSDVO,13506,120
09:33:26:183,LVBW_250,activate,ask,LYQNLNJNPI,13517,175
09:33:26:322,JVMG_863,activate,ask,IJMCESYZRF,13654,252
09:33:26:822,DJGA_355,activate,bid,KTPURJEPFC,13472,180
09:33:27:323,YCMY_801,activate,bid,APCMSYJQZL,13350,56
09:33:27:518,JHTZ_953,activate,ask,MNMZYLPZNV,13510,90
09:33:27:729,JHTZ_953,deactivate,ask,ZPCMVBWDDP,None,None
09:33:27:791,GYWV_414,activate,bid,PHWYUBAPKQ,13507,168
09:33:28:252,JHTZ_953,activate,ask,QOHUHLPYXV,13662,168
09:33:28:288,AJWE_569,activate,ask,OUUDXLNAKV,13614,162
09:33:28:960,XPKU_205,activate,bid,KECDNMXCCU,13391,160
09:33:29:529,XPKU_205,deactivate,bid,EHBBZJHOWS,None,None
09:33:29:567,ZAXI_217,activate,bid,JDBPIFLGIP,13251,198
09:33:29:747,CLPE_513,activate,bid,LXGPRUSABD,13506,144
09:33:29:921,AHPS_810,activate,ask,BGHOPEYZKY,13562,60
09:33:30:222,LAQV_775,activate,bid,WUSSBWMJPI,13506,420
09:33:30:626,VDYK_729,activate,bid,EAHZDEGFIZ,13405,72
09:33:30:879,VDYK_729,deactivate,ask,YHITDHOCNM,None,None
09:33:31:150,CIUN_584,activate,bid,QNWIXPAJFF,13510,36
09:33:31:760,AJWE_569,activate,bid,IAWATRVYLM,13508,108
09:33:32:437,LWCA_600,activate,ask,ORYYXTRYHJ,13659,24
09:33:33:007,FFLO_530,activate,bid,LBCSECCZQR,13469,36
09:33:33:222,PMWA_283,activate,ask,KMMIWTMFPG,13511,264
09:33:33:651,PMWA_283,deactivate,ask,LVBSAYRLMV,None,None
09:33:33:786,JHTZ_953,activate,bid,ZYONZRGJWC,13509,63
09:33:34:183,GYWV_414,activate,bid,GLDFWBUKWC,13510,216
09:33:34:492,RBLJ_404,activate,ask,RKRJIMEOAJ,13518,300
09:33:34:703,ONGP_558,activate,ask,JXZLJOAMTR,13517,144
09:33:35:304,MDWV_305,activate,ask,RJSKVKUGEC,13816,96
09:33:35:500,RWFP_299,activate,ask,SCCLBLPFAW,13806,120
09:33:35:990,XPKU_205,activate,bid,UFSNOTKNGR,13483,36
09:33:36:590,YKYS_500,activate,bid,SSRGNXSKMY,13402,60
09:33:37:120,GYWV_414,activate,ask,NSAQCSZVXR,13727,64
09:33:37:300,GYWV_414,deactivate,bid,UGRGZISMXF,None,None
09:33:37:411,PLFG_686,activate,bid,UHPDPQKIRZ,13484,560
09:33:37:524,VXLP_960,activate,ask,XUKUQQQKDH,13521,280
09:33:37:670,YCMY_801,activate,ask,BYWHSGICPF,13605,32
09:33:37:994,LWCA_600,activate,ask,KCACSNTVVV,13734,100
09:33:38:103,JHNQ_723,activate,bid,UJTQKDDTET,13354,40
09:33:38:736,VCIO_035,activate,ask,UFKRIMTJAM,13511,108
09:33:39:371,GFKB_410,activate,ask,SAKLRBNOPS,13561,300
09:33:39:631,WXCX_121,activate,bid,DOTQKPAYTW,13159,360
09:33:39:646,GMCR_054,activate,ask,BPWMFYQEXR,13511,80
09:33:39:786,GMCR_054,deactivate,ask,JSUZWDNTNU,None,None
09:33:40:163,HPOX_202,activate,bid,EZSAYEDAIK,13386,12
09:33:40:460,KIUK_592,activate,bid,DEEFLPNAYY,13416,16
09:33:41:001,NFCJ_991,activate,bid,ZIJHRUIKWC,13396,60
09:33:41:314,GZTK_332,activate,ask,PNLXSGUNJD,13511,150
09:33:41:723,GUDK_472,activate,ask,ZTQPUZYUAL,13514,40
09:33:41:841,TKNN_074,activate,ask,WBFOIQVFUG,13853,56
09:33:42:399,EDAZ_814,activate,bid,CVXBEDIVYH,13447,20
09:33:43:061,EDAZ_814,deactivate,bid,DZCTFBDVKI,None,None
09:33:43:635,LVBW_250,activate,bid,ODDYMKRBHD,13252,144
09:33:44:231,ESUD_912,activate,bid,FMRVGBPCBI,13447,288
09:33:44:290,LQLX_167,activate,ask,RBEDLAFASF,13525,200
09:33:44:403,PCSH_366,activate,bid,INEVGNDSTL,13475,60
09:33:44:861,PCSH_366,deactivate,bid,NJWRYJTGTG,None,None
09:33:45:464,PUUJ_280,activate,bid,LSCVOVMPKE,13367,360
09:33:46:091,VBWU_693,activate,ask,ZLSKCMDBSB,13511,12
09:33:46:732,MDWV_305,activate,bid,MKTLKCTFZK,13449,120
09:33:46:989,QQKN_297,activate,bid,ALKHOMWJFJ,13302,30
09:33:47:569,FJGE_609,activate,bid,SPLMVIJZBN,13503,80
09:33:47:741,SIYH_686,activate,bid,QCYFXUJJLE,13337,60
09:33:48:104,GYWV_414,activate,ask,QWWSGWUBUT,13512,297
09:33:48:430,BDUV_963,activate,ask,FHMYSIEDUJ,13528,288
09:33:49:027,DAAN_057,activate,bid,RCPMMQAEOM,13509,96
09:33:49:478,DAAN_057,deactivate,bid,NQOFAJYGSN,None,None
09:33:49:786,MUMV_408,activate,bid,CFAUZUYLZS,13421,216
09:33:50:459,LFDQ_061,activate,ask,FGPKRIFVJF,13948,168
09:33:50:702,PUUJ_280,activate,ask,SAZSRWRNWQ,13515,144
09:33:51:220,RPVI_427,activate,bid,WWVDWMUNIP,13225,5
09:33:51:875,VDYK_729,activate,bid,DMVZNVJOKE,12818,5
09:33:52:527,VDYK_729,deactivate,bid,DOSFDACYRR,None,None
09:33:53:102,JHNQ_723,activate,bid,XPNVZZPWYG,13441,15
09:33:53:628,YLKV_982,activate,ask,UTGLYMCVNZ,13528,108
09:33:54:302,YLKV_982,deactivate,ask,ZUQJJGZXSG,None,None
09:33:54:725,WQMD_156,activate,ask,DZVLDHBUJO,13550,60
09:33:55:412,VDYK_729,activate,bid,ZWNNEHEDBX,12806,405
09:33:56:074,NCDC_493,activate,ask,OZOIWFMQEW,13513,42
09:33:56:095,CLPE_513,activate,ask,GGDGUBEOXF,13665,324
09:33:56:248,TSAO_461,activate,bid,AIISVICJBA,13511,54
09:33:56:734,CIUN_584,activate,bid,RCAHNBLCUH,13495,810
09:33:56:827,LAQV_775,activate,ask,NKIJYDQHOX,13545,108
09:33:57:133,VDYK_729,activate,bid,LZSXVPCMDG,13431,80
09:33:57:434,SUEP_957,activate,bid,MFFEEXTCDY,13426,108
09:33:57:527,PLFG_686,activate,bid,FAFUKUOHXS,13511,320
09:33:58:189,XEDQ_246,activate,bid,YBYMFIBWMK,13470,324
09:33:58:486,XEDQ_246,deactivate,bid,IPFJSCDPPN,None,None
09:33:59:119,LQLX_167,activate,ask,RVHKFTBFAN,13523,30
09:33:59:415,KZQQ_502,activate,ask,MZGHSXKHBT,13582,64
09:33:59:696,SUEP_957,activate,bid,BFFPGYMGUT,13508,64
09:34:00:334,ONGP_558,activate,ask,DFCFRAKQWD,13512,220
09:34:00:772,PLFG_686,activate,ask,VIQLDNAEMI,13537,189
09:34:00:826,QQKN_297,activate,bid,PJOKUMCFGS,13500,405
09:34:00:968,RSMB_782,activate,ask,ENAUJSUQXN,13516,48
09:34:00:993,YIZD_457,activate,ask,BGLGEUHZSK,13681,24
09:34:01:033,VSND_685,activate,ask,VIHZCAPFGZ,13515,24
09:34:01:513,BFDD_288,activate,ask,IGREBPWNIC,13563,72
09:34:01:706,ZBVS_913,activate,bid,HATVLSEZVU,13076,180
09:34:01:951,TKNN_074,activate,bid,MIKKDOXTXU,13195,120
09:34:02:276,VDYK_729,activate,bid,CZUFUWIWBO,13506,120
09:34:02:596,DJGA_355,activate,bid,DJBOEGDOJX,13495,90
09:34:02:844,ILQT_147,activate,ask,ULNBEVYEHE,13513,48
09:34:03:509,ONGP_558,activate,bid,HBGXRPAOKZ,13356,180
09:34:03:621,FFLO_530,activate,ask,ZSZEFWPKHN,13589,144
09:34:03:813,HPOX_202,activate,ask,EVLHJKQXSG,13538,144
09:34:04:336,RSMB_782,activate,bid,BUHJBIHWAT,13343,32
09:34:04:669,LFDQ_061,activate,bid,LTHPZUJUJD,13450,108
09:34:05:236,GMCR_054,activate,ask,ETNUEGHBGE,13616,378
09:34:05:813,ONGP_558,activate,bid,DXRAHJFDHY,13498,63
09:34:06:411,FZSQ_738,activate,bid,OCIRYWHQJY,13480,42
09:34:06:626,KIUK_592,activate,bid,YHGJJPJBON,13488,576
09:34:06:860,KIUK_592,deactivate,ask,KMJGLPVLCN,None,None
09:34:07:372,PLFG_686,activate,bid,BAKZNANNMC,13367,162
09:34:07:501,ONGP_558,activate,ask,SYLEZATBAV,14085,864
09:34:07:784,VCIO_035,activate,bid,ZSANRPZIMC,13509,30
09:34:08:340,TSDU_755,activate,bid,WSGPCXNLGW,13442,360
09:34:08:461,FZSQ_738,activate,bid,HAJFAGHZUR,13310,120
09:34:09:092,RPVI_427,activate,bid,OYROVCQYEM,13197,168
09:34:09:361,DAAN_057,activate,bid,DQNQMZYFBR,13511,504
09:34:09:688,ZEWX_502,activate,ask,DOWNLHRTTW,13522,144
09:34:09:867,ZEWX_502,deactivate,bid,NLNXCWMURP,None,None
09:34:10:258,LFDQ_061,activate,ask,QPVYKSHECW,13553,32
09:34:10:323,ILQT_147,activate,bid,NUZPUQIBQV,13497,30
09:34:10:910,LVZD_988,activate,bid,BTPFVKYLDZ,13497,72
09:34:11:306,BDUV_963,activate,bid,WMHHCHJSAO,13213,72
09:34:11:421,CIUN_584,activate,ask,XNVLJRQKRQ,13516,72
09:34:12:068,CLPE_513,activate,bid,ZHOLFCDIPW,13449,112
09:34:12:607,GOKJ_013,activate,ask,OJHKPQDPKY,13521,80
09:34:13:070,GOKJ_013,deactivate,ask,RKRJIMEOAJ,None,None
09:34:13:581,JVMG_863,activate,bid,YZSFGCOWPI,13404,180
09:34:13:714,YCMY_801,activate,ask,NHKTUTLVRI,13670,135
09:34:13:898,MUMV_408,activate,bid,PKJVQBSYYF,13462,80
09:34:14:503,LFDQ_061,activate,bid,AYLPMPWDNT,13452,12
09:34:14:807,ROEX_888,activate,ask,TGWUWIOUCH,13742,3
09:34:15:011,EDAZ_814,activate,ask,STMTSQONNM,13598,360
09:34:15:599,ILQT_147,activate,ask,HPJFJGSCGU,13518,120
09:34:16:085,BMDN_002,activate,bid,RSFCHESFJW,13491,30
09:34:16:506,VDYK_729,activate,ask,IUAOLVZJFZ,13569,12
09:34:16:896,NFCJ_991,activate,ask,UNCDSMOJRM,13839,216
09:34:17:038,ZVJA_679,activate,bid,MYSNCHLPAA,13411,9
09:34:17:098,YKYS_500,activate,ask,HSZMXHFYRH,13574,264
09:34:17:136,ROEX_888,activate,ask,GUMTNHZLDF,13559,120
09:34:17:548,ROEX_888,activate,ask,QQDMNGPCMM,13556,60
09:34:18:012,QQKN_297,activate,bid,HYRFJWNOUL,13487,120
09:34:18:693,AIWX_780,activate,ask,BQIAKBJIIB,13672,96
09:34:19:294,YLKV_982,activate,bid,MBWVZIFNHA,13218,160
09:34:19:731,ZBVS_913,activate,bid,PBIIOIETEI,13455,144
09:34:19:891,ZTBU_684,activate,bid,XENJHNGOFC,13290,18
09:34:20:484,YCMY_801,activate,bid,TWTHJOOACX,13501,50
09:34:20:520,USBV_898,activate,ask,IWCMFQYCSN,13528,72
09:34:20:698,ZABL_910,activate,ask,UNMMKECWGP,13518,72
09:34:21:233,ZABL_910,deactivate,ask,KCACSNTVVV,None,None
09:34:21:799,MUMV_408,activate,ask,FXWQGRGBEE,13561,192
09:34:21:800,CIUN_584,activate,bid,ISLVIFDAVP,13007,576
09:34:22:166,LFDQ_061,activate,ask,WEUOZGRKIQ,13521,150
09:34:22:534,EDAZ_814,activate,ask,FHQOOFYEFQ,13539,216
09:34:23:084,PCSH_366,activate,bid,JPYADNYNCO,13478,180
09:34:23:305,GHHY_942,activate,bid,YODGDUAQVW,13436,54
09:34:23:374,KDVX_065,activate,bid,TMUEZHQBXT,13493,160
09:34:23:579,YKYS_500,activate,bid,KUTDQBJXIU,13444,63
09:34:24:122,WTJS_734,activate,bid,DHZANFKJYO,13016,210
09:34:24:255,WTJS_734,deactivate,bid,KSJGWPAWTD,None,None
09:34:24:442,MDWV_305,activate,ask,FRPSHKOBGV,13514,128
09:34:25:073,PLFG_686,activate,ask,KLWZZIWFSO,13789,240
09:34:25:738,HPOX_202,activate,bid,IAZCGYXUMG,13480,360
09:34:25:865,AIWX_780,activate,ask,QEIXHZFLOE,13520,144
09:34:26:470,ZAXI_217,activate,bid,DCMRIVDUGO,13221,40
09:34:26:694,WTJS_734,activate,bid,KNUYLLDEEI,13066,210
09:34:26:917,ROEX_888,activate,ask,YXYEVSKBOV,13584,27
09:34:27:117,SIYH_686,activate,bid,SLVJCRZXPA,13321,24
09:34:27:565,TFST_877,activate,bid,LDJRGIUSVV,13433,40
09:34:27:694,VDYK_729,activate,bid,BUONBXXOGD,13509,420
09:34:28:354,LAQV_775,activate,ask,LZWLMEGBLE,13608,1440
09:34:28:721,DAAN_057,activate,ask,UDWDGOJUFT,13798,192
09:34:29:130,SIYH_686,activate,bid,JYYNAEGUGR,13497,324
09:34:29:552,SIYH_686,deactivate,ask,ZGCPRYLNQS,None,None
09:34:29:874,NFCJ_991,activate,ask,VRSUECABZR,13631,288
09:34:30:208,LMCM_188,activate,ask,PZNMCDBKWS,13526,180
09:34:30:416,PLPT_189,activate,ask,HSVSHSMIGH,13515,56
09:34:30:501,KJDQ_398,activate,bid,WNRZOFCKIV,13476,240
09:34:30:570,KZQQ_502,activate,ask,NVSAHMLBGP,13594,140
09:34:31:162,KZQQ_502,deactivate,bid,PJOKUMCFGS,None,None
09:34:31:338,JHNQ_723,activate,bid,PPVASEYTCJ,13513,360
09:34:31:489,ZVJA_679,activate,bid,HXKSWDXFHD,13511,180
09:34:31:604,EDAZ_814,activate,bid,FVHVETJZDM,13490,84
09:34:32:154,GOKJ_013,activate,ask,CFJKMIHPXW,13554,875
09:34:32:652,RPVI_427,activate,ask,KOOJQOQAAZ,13526,120
09:34:32:981,ROEX_888,activate,ask,SNKDEACJUL,13788,90
09:34:33:168,ILQT_147,activate,ask,WPISMVAVBS,13599,216
09:34:33:324,WNPO_051,activate,bid,DMCHUQXYQH,13376,120
09:34:33:362,VBWU_693,activate,ask,SNBZPBUSSB,13550,36
09:34:33:765,WTJS_734,activate,ask,MZTKRZMXSU,13542,135
09:34:34:385,RPVI_427,activate,bid,IRNOZKLDLI,13360,315
09:34:34:703,YKYS_500,activate,ask,GHWLGOOFTT,13515,216
09:34:35:328,PLFG_686,activate,bid,JPMOBVBWXG,13443,18
09:34:35:499,PLFG_686,deactivate,ask,GDODPWGFKN,None,None
09:34:35:771,TSDU_755,activate,ask,FIGLBIMSTB,13522,192
09:34:35:926,QQKN_297,activate,ask,DXGNTCJVPY,13638,18
09:34:35:993,BMDN_002,activate,ask,OJEUXBIOUG,13640,84
09:34:36:473,PUUJ_280,activate,ask,OVTBBAMIBY,13551,490
09:34:36:939,HPOX_202,activate,ask,UBZZGFEPJE,13601,240
09:34:37:069,GMCR_054,activate,bid,KUASEDDCUB,13361,72
09:34:37:522,AJWE_569,activate,ask,OMLVFOPTCF,13564,200
09:34:37:753,GYWV_414,activate,ask,XJRZEEENUL,13672,48
09:34:38:124,GOKJ_013,activate,bid,QVUYJXJYXM,11935,630
09:34:38:748,MDWV_305,activate,ask,QLMXUQWLHE,13534,120
09:34:39:408,NCDC_493,activate,ask,NKDHMNIAEU,13523,420
09:34:39:668,FJGE_609,activate,bid,MBLGCSNYNT,13309,96
09:34:39:804,WNPO_051,activate,ask,OEBREGMBLI,13515,90
09:34:39:964,TOEY_561,activate,ask,BALLZFIUSW,13573,150
09:34:40:381,KZQQ_502,activate,bid,RGSKCELRDJ,13359,288
09:34:40:670,TCUR_853,activate,bid,LADRSWEHAE,13368,375
09:34:40:714,GFKB_410,activate,ask,RYKLJLHXUG,13522,192
09:34:41:306,NCDC_493,activate,bid,PYGNWIHCHC,13504,36
09:34:41:530,YFOU_374,activate,ask,AJSYDMGKSG,13517,45
09:34:41:959,YFOU_374,deactivate,bid,PCJMHSXHED,None,None
09:34:42:463,YFOU_374,deactivate,ask,MTBGUZKVZU,None,None
09:34:42:684,ZABL_910,activate,bid,YIVWPUJRYH,13474,64
09:34:43:279,WXCX_121,activate,ask,VVTRTWCAVB,13514,48
09:34:43:654,WXCX_121,deactivate,bid,YUWWCTHXNO,None,None
09:34:43:942,PCSH_366,activate,bid,UPEKKJXNIQ,13486,270
09:34:44:349,PCSH_366,deactivate,bid,QTQQEEJCFD,None,None
09:34:44:815,ZABL_910,activate,bid,QSMZDCEFJL,13510,135
09:34:45:063,DAAN_057,activate,bid,YTPGLQHYBW,13485,243
09:34:45:672,BFDD_288,activate,bid,UYZOKUIPLS,13513,32
09:34:45:830,PLFG_686,activate,bid,NRIFBBOMOD,13512,252
09:34:46:390,MUMV_408,activate,bid,XXPTXGAPDR,13507,18
09:34:46:784,SYIY_540,activate,bid,AUCJODNPNU,12709,252
09:34:47:101,EAVH_368,activate,ask,RWYIRGQDQQ,13585,84
09:34:47:172,GFKB_410,activate,bid,YBQJYBVKNP,13256,560
09:34:47:752,RBLJ_404,activate,ask,ZVLFBUULLI,13877,144
09:34:47:854,HPOX_202,activate,ask,HRNIQLJPZI,13531,360
09:34:48:453,ILQT_147,activate,ask,BICZGFLSFQ,13628,360
09:34:48:942,VBWU_693,activate,ask,DGOIRHXZMD,13729,48
09:34:49:156,PUUJ_280,activate,ask,MSNHWIXANX,13553,63
09:34:49:245,RWFP_299,activate,bid,DWLXLCRBMY,13510,72
09:34:49:826,EAVH_368,activate,bid,NAGMXKIFCD,13490,168
09:34:50:416,EAVH_368,deactivate,bid,AQQITMHJWY,None,None
09:34:50:674,TLKP_290,activate,ask,HQUDMZWLAG,13564,36
09:34:51:084,AIWX_780,activate,ask,INAQCZPKJB,13532,144
09:34:51:716,AGKW_757,activate,ask,KBFSCVNQUX,13633,54
09:34:51:782,AGKW_757,deactivate,bid,FPCSIQGPBC,None,None
09:34:52:479,MDWV_305,activate,ask,SKXGSVFBRE,13561,48
09:34:53:033,ONGP_558,activate,ask,FFLPVTPSLL,13550,36
09:34:53:267,ONGP_558,deactivate,bid,KOOKGRTGAU,None,None
09:34:53:930,RPVI_427,activate,bid,NVHFLGNIRO,13358,54
09:34:54:432,XPKU_205,activate,ask,ZXHCZTGYXV,13685,50
09:34:54:727,VBWU_693,activate,ask,XTNRBVCGEZ,14053,48
09:34:55:298,MUMV_408,activate,bid,OKPWRJHZJE,12824,80
09:34:55:588,DJGA_355,activate,bid,JMWNHBHQYT,13412,30
09:34:55:784,WXCX_121,activate,bid,GERTMVNWBR,13257,84
09:34:55:857,TCUR_853,activate,ask,UYYOTDXTJV,13656,108
09:34:56:146,PCSH_366,activate,ask,FGKIFNKURR,14119,288
09:34:56:784,YIZD_457,activate,bid,CGYELOKZVS,13513,192
09:34:57:023,TSAO_461,activate,ask,MRFUCZZRAA,13754,144
09:34:57:151,XOJB_190,activate,ask,YWLPAJWVOZ,13526,144
09:34:57:655,GYWV_414,activate,ask,ITLPWUWOHC,13743,448
09:34:58:162,FFLO_530,activate,bid,QXISFEDZZJ,13427,96
09:34:58:816,KIUK_592,activate,ask,DLCYUFWPCB,13584,560
09:34:59:126,RPVI_427,activate,ask,AWGVNGEKQJ,13523,120
09:34:59:661,RPVI_427,deactivate,bid,HAXCBCBSSS,None,None
09:35:00:352,XPKU_205,activate,bid,GMYBHKKEXA,13513,216
09:35:01:018,GFKB_410,activate,ask,YJXMBKUUKY,13576,40
09:35:01:456,PMWA_283,activate,bid,JWNZRNUKWE,13293,210
09:35:01:544,SYIY_540,activate,ask,ONDEMNKCLW,13747,240
09:35:02:075,YKYS_500,activate,ask,AFSUPCKWZC,13519,54
09:35:02:083,LMCM_188,activate,ask,SATRTAMVEE,13615,60
09:35:02:323,YKYS_500,activate,ask,LUVZIYYNQS,13596,72
09:35:02:972,TCUR_853,activate,bid,CNILOLGJSO,13510,72
09:35:03:142,JHTZ_953,activate,bid,XVATWBYJZB,13488,98
09:35:03:545,JHTZ_953,deactivate,ask,QAVMLRWILM,None,None
09:35:04:004,NKSJ_645,activate,bid,YDOZVKBFEH,13510,84
09:35:04:244,HPOX_202,activate,ask,HZGQZCCRMH,13735,162
09:35:04:315,AGKW_757,activate,bid,FKWXRFWGWP,13212,84
09:35:04:622,CLPE_513,activate,ask,SHVHFHNNLI,13556,120
09:35:05:067,PUUJ_280,activate,ask,SHNJCHKSSG,13765,84
09:35:05:700,ZAXI_217,activate,ask,APBCHOHBWZ,13774,50
09:35:05:810,LVZD_988,activate,ask,JFDLCNLYVI,13525,96
09:35:06:194,TKNN_074,activate,bid,NRRDFLOYZJ,13514,144
09:35:06:501,GUDK_472,activate,bid,CGTVDLMQIR,13382,280
09:35:07:004,GUDK_472,deactivate,ask,ZSZEFWPKHN,None,None
09:35:07:190,VXLP_960,activate,ask,MTATDWHSPC,13576,72
09:35:07:246,TTGN_389,activate,ask,HHSHTLQPLF,13517,288
09:35:07:459,GYWV_414,activate,ask,KRLHSFFAIR,13775,60
09:35:07:548,GYWV_414,deactivate,ask,OMLVFOPTCF,None,None
09:35:08:194,VXLP_960,activate,bid,IHNUOYFLKP,13515,120
09:35:08:360,VXLP_960,deactivate,ask,EVWIBPXQWX,None,None
09:35:08:756,VXLP_960,deactivate,ask,ITGICPESQT,None,None
09:35:09:417,DAAN_057,activate,ask,WHFHLKAPVJ,13585,96
09:35:09:824,BMDN_002,activate,ask,DXVIVEBVBO,13692,48
09:35:10:016,GHHY_942,activate,ask,HIFOBAUXYM,13523,30
09:35:10:621,GHHY_942,deactivate,ask,UFKRIMTJAM,None,None
09:35:11:122,AGKW_757,activate,bid,AIMHJTIZEA,13506,630
09:35:11:647,AGKW_757,deactivate,ask,LZWLMEGBLE,None,None
09:35:11:750,LFDQ_061,activate,bid,KFZFUPFHXK,13500,80
09:35:11:945,RJHA_711,activate,ask,SGLBSLIPUW,13587,96
09:35:12:199,PLFG_686,activate,bid,SVFVBEDJDY,13510,12
09:35:12:815,LVBW_250,activate,bid,GRMDLCLXLY,13460,420
09:35:13:104,AGKW_757,activate,bid,ZSIZAUVQVN,13503,96
09:35:13:603,RJHA_711,activate,ask,YSPBCGSHFY,13687,72
09:35:13:700,YCMY_801,activate,bid,XEQZQKNVLA,13484,90
09:35:13:764,KIUK_592,activate,ask,AJMORJDFZI,13522,84
09:35:13:966,WQMD_156,activate,ask,HARAROEYNT,13535,135
09:35:14:307,LMCM_188,activate,ask,VDDIWMJYSR,13529,240
09:35:14:392,PMWA_283,activate,bid,ZWLDINOKSV,13507,32
09:35:14:770,LWCA_600,activate,bid,SVJYZCHIIG,13367,60
09:35:14:787,LZHC_008,activate,bid,XPYINYMENZ,13506,144
09:35:15:476,TFST_877,activate,bid,WRRLVKYCTF,12950,32
09:35:15:941,TFST_877,deactivate,bid,MKTLKCTFZK,None,None
09:35:16:433,ZAXI_217,activate,bid,CIZUIGGJSV,13425,72
09:35:16:898,QQKN_297,activate,bid,AGYRXZYPQX,13366,144
09:35:17:212,LVBW_250,activate,ask,VBETIQNJZY,13517,120
09:35:17:907,JHTZ_953,activate,bid,NDTPTGENJY,13439,60
09:35:18:109,DAAN_057,activate,bid,XJNGNZMBGY,13504,60
09:35:18:114,TFST_877,activate,bid,CYNCQMKSLA,13441,72
09:35:18:238,MUMV_408,activate,ask,OSNSJUDVKG,13700,540
09:35:18:312,JHNQ_723,activate,ask,SXCSWFEWWK,13643,25
09:35:18:679,PLPT_189,activate,ask,FMYBAUKZNB,13553,72
09:35:18:809,PLPT_189,deactivate,ask,YJDRTDTKYR,None,None
09:35:19:115,PLPT_189,deactivate,ask,EDUJDTQAVV,None,None
09:35:19:722,GMCR_054,activate,ask,HDKDCSKRPI,13803,96
09:35:20:048,BFDD_288,activate,bid,SWMDHTUTFV,13511,128
09:35:20:660,PMWA_283,activate,bid,YWCXNIIPZC,13499,90
09:35:21:083,PMWA_283,deactivate,bid,NRIFBBOMOD,None,None
09:35:21:364,YLKV_982,activate,ask,DBHXUKMQHE,13518,48
09:35:21:804,PUUJ_280,activate,bid,KBPIJMJVDQ,13267,48
09:35:21:926,ZEWX_502,activate,bid,VWRQHPZAVR,13515,72
09:35:22:594,KJDQ_398,activate,bid,ZEYRZFDBXD,13485,126
09:35:22:713,GFKB_410,activate,bid,GYPLAMNIXJ,13515,84
09:35:22:840,MCWL_141,activate,ask,XXCDCQETAY,13687,32
09:35:23:022,GZTK_332,activate,bid,KYQLUUVFBC,13165,288
09:35:23:147,JHNQ_723,activate,bid,BBLAUUCDPJ,13469,160
09:35:23:764,RWFP_299,activate,bid,JWZGELOQDE,13505,192
09:35:23:896,NFCJ_991,activate,ask,DBCUGKEIZR,13520,480
09:35:24:018,WQMD_156,activate,bid,OXDEXOJKZA,13445,75
09:35:24:125,WQMD_156,deactivate,ask,CRFJNNTICC,None,None
09:35:24:385,LQLX_167,activate,ask,VAHHQNPRQP,13516,324
09:35:25:017,QQKN_297,activate,ask,TKORDBDAGP,14093,96
09:35:25:440,WQMD_156,activate,bid,QFAXREIRZT,13515,672
09:35:25:784,GHXZ_344,activate,bid,DJYZZNSEIC,13491,144
09:35:25:816,NKSJ_645,activate,bid,LWRDOWJPPV,13485,45
09:35:26:393,TFST_877,activate,bid,BBBHFXPOCS,13491,20
09:35:27:070,RSMB_782,activate,ask,URSRXHOUHE,13668,108
09:35:27:685,YFOU_374,activate,ask,KSDHAKZOGD,13698,144
09:35:27:971,PUUJ_280,activate,ask,HEYVAEUMJN,13611,432
09:35:28:578,KDVX_065,activate,bid,IKNQNCUGGU,13429,576
09:35:28:615,TOEY_561,activate,ask,ESRECPGWHB,13676,120
09:35:28:619,LQLX_167,activate,ask,YWQRABPKBY,13558,168
09:35:28:664,LMCM_188,activate,bid,TVBPJSIWNP,13445,168
09:35:29:005,GMCR_054,activate,ask,HFQNCYWUEF,13517,24
09:35:29:373,AJWE_569,activate,ask,XHQKNJAIYV,13517,288
09:35:29:411,TOEY_561,activate,bid,DENXSJLJRS,13196,48
09:35:29:490,ILQT_147,activate,ask,NJTYLCNBQS,13653,120
09:35:29:982,ILQT_147,deactivate,bid,DWLXLCRBMY,None,None
09:35:30:581,CLPE_513,activate,bid,HFJBDLEVHM,13429,432
09:35:31:259,XOJB_190,activate,ask,EVYKOHNKWZ,13813,144
09:35:31:430,DJGA_355,activate,bid,DRRDMNCGCO,13449,480
09:35:31:788,GMCR_054,activate,ask,BXMYBTUUTJ,13635,128
09:35:32:151,CLPE_513,activate,bid,LLEQUVATWS,13487,42
09:35:32:554,FFLO_530,activate,bid,AUMFLVONWU,12966,300
09:35:32:694,PUUJ_280,activate,ask,SZXAFKSJRP,13561,72
09:35:33:147,RSMB_782,activate,ask,PNWIROBEVY,13526,120
09:35:33:563,GHXZ_344,activate,bid,ZOFSGWMTDY,13489,288
09:35:34:161,EAVH_368,activate,ask,XCXTEEQPIQ,13623,36
09:35:34:666,MCWL_141,activate,ask,TASUBKMSOV,13577,420
09:35:35:216,NCDC_493,activate,ask,NMQSWSUCND,13578,320
09:35:35:499,WXPU_028,activate,ask,CKCPRNHJTL,13518,42
09:35:36:196,LAQV_775,activate,bid,RUFJRPRPIT,13515,330
09:35:36:277,FJGE_609,activate,bid,VNRXCXWQNN,13471,225
09:35:36:635,KDVX_065,activate,ask,BAQAFRZRFL,13819,96
09:35:36:839,RSMB_782,activate,ask,BMVKXQUEYN,13549,192
09:35:37:078,GMCR_054,activate,ask,KHZQDVRUTO,13557,216
09:35:37:636,TTGN_389,activate,bid,YRXXLSUUIG,13165,300
09:35:37:813,BDUV_963,activate,ask,RLHDQCHPAA,13521,60
09:35:37:978,QQKN_297,activate,ask,GQRTNCDBLR,13712,144
09:35:38:133,VCIO_035,activate,ask,YSUXUHWTWP,13532,147
09:35:38:492,EDAZ_814,activate,ask,YQDKQTHYSZ,13691,128
09:35:38:717,ILQT_147,activate,bid,JMBXMHETFP,13405,160
09:35:39:363,TFST_877,activate,bid,UTLDVVQFIP,13139,20
09:35:39:636,QQKN_297,activate,bid,CKDUTWJVZM,13462,180
09:35:39:657,TLKP_290,activate,bid,NNHHGNTULU,13257,180
09:35:39:811,RWFP_299,activate,bid,GUXLNRAOUC,13505,432
09:35:40:308,ROEX_888,activate,ask,QQDFJAIGSW,13555,600
09:35:40:659,ZAXI_217,activate,ask,YOKKGCCAKC,13605,60
09:35:41:077,USBV_898,activate,bid,EYTMFXZUXX,13427,252
09:35:41:165,LQLX_167,activate,bid,FOVDJEVNKZ,13514,448
09:35:41:846,QQKN_297,activate,ask,PUOVANNBMA,13530,288
09:35:42:401,ZEWX_502,activate,bid,SXDWEECFFO,13514,90
09:35:42:729,ZTBU_684,activate,bid,IGYWSQINMY,13516,36
09:35:43:319,LFDQ_061,activate,ask,JVOPRLHZCT,13669,189
09:35:43:957,MCWL_141,activate,ask,XALTLLXLYR,13688,90
09:35:44:458,TLKP_290,activate,bid,FZLMNOJYVM,13413,240
09:35:44:866,LWCA_600,activate,bid,IIEDEZQYPO,13497,315
09:35:44:930,ZTBU_684,activate,ask,ZRGSYWEBHJ,13792,126
09:35:45:193,ESUD_912,activate,ask,IYDPWOQWSL,13578,104
09:35:45:589,KIUK_592,activate,ask,OCTQBTTOSP,13533,108
09:35:45:626,CLPE_513,activate,bid,HLJNPQUUDB,13070,324
09:35:46:251,WTJS_734,activate,ask,IHNVMKOVCX,14147,160
09:35:46:671,GHHY_942,activate,ask,XQHLMQUNDV,13524,54
09:35:46:852,CIUN_584,activate,bid,AGQWAVWFWR,13380,70
09:35:46:892,WXCX_121,activate,ask,TWIYTKNTEZ,13637,72
09:35:46:983,RJHA_711,activate,ask,LRTNWJDXRZ,13539,84
09:35:47:466,VDYK_729,activate,ask,KHVTWNRDOD,13562,108
09:35:47:735,LVZD_988,activate,ask,SXIODNELWS,14276,20
09:35:48:094,YLKV_982,activate,bid,IIFPRUOJWX,13516,216
09:35:48:704,YLKV_982,deactivate,bid,NVHFLGNIRO,None,None
09:35:49:293,YKYS_500,activate,ask,SQNPKUVKVR,13524,63
09:35:49:776,KDVX_065,activate,bid,HCYTWGGRRM,13492,72
09:35:50:040,YFOU_374,activate,ask,JGAEPVZNQE,13560,27
09:35:50:389,LFDQ_061,activate,ask,TPKPWENUAV,13519,90
09:35:50:722,CLPE_513,activate,ask,TBKEQWLSZS,13554,384
09:35:50:891,NFCJ_991,activate,ask,RHUVKBUMXI,13588,105
09:35:50:962,EDAZ_814,activate,ask,JWQEKEGUNP,13560,72
09:35:51:187,GFKB_410,activate,ask,RWJPZQDDRA,13518,84
09:35:51:502,WNPO_051,activate,bid,BXCFQCMOAN,13481,80
09:35:52:020,RSMB_782,activate,ask,YCCWSAGPCC,13545,48
09:35:52:025,DAAN_057,activate,bid,PRYZOHSZPR,13480,120
09:35:52:580,NCDC_493,activate,ask,AMFWXHGCGY,13670,160
09:35:52:981,XOJB_190,activate,bid,EREXFRZVFO,13510,324
09:35:53:236,TSAO_461,activate,ask,YPONJJNMNS,13530,176
09:35:53:260,EDAZ_814,activate,bid,MUQNCCKUGK,13407,72
09:35:53:293,KIUK_592,activate,bid,TQBRDELLKB,13514,112
09:35:53:307,YLKV_982,activate,ask,PBSQXKYLVV,13519,40
09:35:53:977,VBWU_693,activate,ask,DGXMWTFCVE,13529,32
09:35:54:667,AGKW_757,activate,bid,KJJVVRGSSP,13241,84
09:35:55:075,MUMV_408,activate,bid,QWNYQWJTUY,13496,300
09:35:55:469,WQMD_156,activate,bid,GCANIIDBNG,12897,4
09:35:55:480,LFDQ_061,activate,ask,TJYHAQDXCZ,13887,100
09:35:55:601,ZBVS_913,activate,bid,HZKTJABDUP,13480,12
09:35:55:969,XEDQ_246,activate,ask,SSFXBDKNUG,13686,224
09:35:56:203,ZAXI_217,activate,bid,PVJRSJEDTT,13145,120
09:35:56:704,PUUJ_280,activate,bid,GSZXMDEJMC,13483,56
09:35:57:007,WTJS_734,activate,ask,ZRKZATCWYF,13551,162
09:35:57:132,LWCA_600,activate,ask,YPIUTTLQZW,13519,525
09:35:57:474,LVZD_988,activate,ask,VFIWWGOAKR,13562,144
09:35:57:789,RPVI_427,activate,bid,ZUAECYBXZV,13512,54
09:35:57:852,RPVI_427,deactivate,ask,LUVZIYYNQS,None,None
09:35:58:163,MCWL_141,activate,ask,JEMPCUSTOL,13832,40
09:35:58:554,SGQU_037,activate,bid,IOMVCPHUAC,13516,90
09:35:58:907,SGQU_037,deactivate,ask,JRBUFRHVQU,None,None
09:35:59:280,GYWV_414,activate,ask,YCQSESRJJX,13543,162
09:35:59:681,NCDC_493,activate,ask,IEIXPOOART,13804,18
09:35:59:737,WXCX_121,activate,bid,PGNYKXNDWC,13428,336
09:36:00:280,LVBW_250,activate,bid,FGGSFLYJVM,13306,512
09:36:00:794,TSDU_755,activate,bid,DTPYHYDVVI,13494,108
09:36:01:455,XOJB_190,activate,ask,CXRPJNVBZA,13584,128
09:36:01:567,DOTZ_154,activate,ask,EZQGAYPIMH,13608,96
09:36:01:736,JVMG_863,activate,ask,UBYZRCEARU,13532,576
09:36:02:051,ZABL_910,activate,ask,OLSVSFZEWY,13535,96
09:36:02:383,MUMV_408,activate,ask,UBGRNWGGVT,13528,10
09:36:02:459,XEDQ_246,activate,bid,OKCKAEOFZA,13462,324
09:36:02:627,RWFP_299,activate,bid,VFABBLQMGU,13352,60
09:36:02:635,RWFP_299,deactivate,bid,APCMSYJQZL,None,None
09:36:02:750,TTGN_389,activate,ask,RRWTJUUQHG,13525,150
09:36:02:796,ZAXI_217,activate,bid,NEJRTLTWBA,13512,420
09:36:02:985,SGQU_037,activate,bid,HZNSXDSJIM,13449,360
09:36:03:253,ONGP_558,activate,ask,JZAMYBTUTB,13742,189
09:36:03:877,YKYS_500,activate,bid,NFCOAXKTEX,13517,150
09:36:04:058,TOEY_561,activate,bid,MDYMYFTNBO,13516,160
09:36:04:179,HPOX_202,activate,ask,QONWRSDUGE,13544,72
09:36:04:819,PLPT_189,activate,ask,XMCXCWBMOX,13731,105
09:36:05:358,KIUK_592,activate,bid,NRNWOGXCXE,13481,72
09:36:05:984,KIUK_592,deactivate,bid,EDMFMLUDKF,None,None
09:36:06:020,LMCM_188,activate,bid,IVXJSWRPHD,13506,48
09:36:06:343,LMCM_188,activate,bid,SLENNNPEAU,13411,432
09:36:06:984,EDAZ_814,activate,bid,GXYJKANWHV,13475,56
09:36:07:192,EAVH_368,activate,ask,XUZWWWCURI,13526,324
09:36:07:571,HPOX_202,activate,bid,BSFMYSPDRR,13518,144
09:36:07:880,YFOU_374,activate,ask,OJDZGYSRMD,13528,63
09:36:08:305,TLKP_290,activate,bid,JJRIFAQCZX,13488,360
09:36:08:947,BMDN_002,activate,bid,NCPORGUAAR,13510,90
09:36:09:538,BMDN_002,deactivate,ask,VFIWWGOAKR,None,None
09:36:09:988,BMDN_002,deactivate,bid,FMRVGBPCBI,None,None
09:36:09:998,FZSQ_738,activate,ask,KCDSEYHQRD,13526,30
09:36:10:531,FZSQ_738,deactivate,ask,THNHKJZIEK,None,None
09:36:10:916,FZSQ_738,deactivate,bid,DNKHRTUCGL,None,None
09:36:11:608,RJHA_711,activate,bid,ZNKDDGPFZR,13447,96
09:36:11:632,TTGN_389,activate,bid,HMDIINYKEW,13493,126
09:36:11:963,SIYH_686,activate,ask,SYRYDXTASV,13519,525
09:36:12:616,SIYH_686,deactivate,bid,AEIMNRWYAB,None,None
09:36:13:219,KIUK_592,activate,bid,PWRFJSUTBN,13504,54
09:36:13:301,KJDQ_398,activate,bid,WXPPLQRXRX,13513,70
09:36:13:528,NCDC_493,activate,ask,GUDUEEQDCT,13555,480
09:36:13:806,XPKU_205,activate,ask,UVMELLLLNE,13565,288
09:36:14:103,ONGP_558,activate,bid,GDWIPLHLVI,13280,144
09:36:14:376,LMCM_188,activate,bid,KIBVTGEPIK,13498,216
09:36:14:415,VCIO_035,activate,bid,JZJMRUSEEQ,13518,840
09:36:15:036,EDAZ_814,activate,bid,OLJGMRCEPI,13513,140
09:36:15:483,USBV_898,activate,bid,YIWJMWLZFT,13371,432
09:36:15:697,USBV_898,activate,bid,LRKPTZPONZ,13456,180
09:36:15:744,USBV_898,deactivate,bid,MRWMPYOPJF,None,None
09:36:15:811,LMCM_188,activate,ask,BLCPETOXCF,13563,24
09:36:15:988,EDAZ_814,activate,bid,JNOTVWWIZP,13506,32
09:36:16:154,VSND_685,activate,ask,PZODUSVAXA,13683,432
09:36:16:744,TFST_877,activate,bid,CCGSQZIXUU,13461,72
09:36:16:896,VBWU_693,activate,ask,QPNXAUBWJZ,13535,64
09:36:17:515,YXZW_561,activate,ask,ZOVJKNBMGJ,13654,54
09:36:17:997,GZTK_332,activate,bid,HWDSLXFJNT,13385,315
09:36:18:400,WQMD_156,activate,ask,PRZUNUOUXW,13728,160
09:36:18:692,XPKU_205,activate,bid,BKZHKOAFXI,13295,160
09:36:19:246,CIUN_584,activate,ask,TMCNAQZVTP,13523,120
09:36:19:627,AHPS_810,activate,bid,GASPCAYVOX,12945,10
09:36:19:935,JHTZ_953,activate,bid,GDARPCNABG,13409,64
09:36:20:257,YCMY_801,activate,ask,LGURUEESBD,13877,96
09:36:20:699,PUUJ_280,activate,ask,UBXFYNYAPL,13570,108
09:36:21:107,YCMY_801,activate,bid,BBMCVHGHTF,13503,24
09:36:21:173,MCWL_141,activate,bid,MKQZNVBVZK,13448,360
09:36:21:732,ROEX_888,activate,ask,JSJKQQMOKE,13538,512
09:36:22:209,TLKP_290,activate,ask,ZNWHMZBAVG,14420,90
09:36:22:627,TCUR_853,activate,bid,KHZRYOGLWI,13430,112
09:36:23:181,BMDN_002,activate,ask,PXMZSPZFDR,13534,32
09:36:23:253,GUDK_472,activate,bid,JMOFBXYQYQ,13491,144
09:36:23:529,LWCA_600,activate,ask,PZTSZHXZIW,13678,24
09:36:24:183,KZQQ_502,activate,bid,FNWOGUXCOZ,13493,36
09:36:24:549,YXZW_561,activate,bid,IXHCNSTAKT,13446,672
09:36:25:034,RJHA_711,activate,bid,GUMUQHNMJZ,13403,108
09:36:25:672,YXZW_561,activate,ask,DZNXOLSKVE,13645,252
09:36:25:745,DOTZ_154,activate,bid,ICFKMBWPIF,13417,72
09:36:26:411,DOTZ_154,deactivate,ask,QBATXHJZZL,None,None
09:36:26:620,ZBVS_913,activate,ask,ZWZGYDHAZX,13526,192
09:36:26:810,ZBVS_913,deactivate,bid,QKSMRMOJRM,None,None
09:36:26:902,TOEY_561,activate,ask,EEYPDVNHKW,13523,45
09:36:27:238,ZVJA_679,activate,ask,KCPKFDDUET,13652,150
09:36:27:384,HPOX_202,activate,ask,LWQCZXDFAB,13839,36
09:36:27:611,XEDQ_246,activate,bid,LYXZBRIYCN,13513,56
09:36:27:997,ESUD_912,activate,bid,BRYOCGERTQ,13518,30
09:36:28:173,WXPU_028,activate,bid,KMQEOQSVQU,13279,144
09:36:28:593,EDAZ_814,activate,bid,IYWVUAWBJJ,12842,264
09:36:29:165,YCMY_801,activate,ask,JPPEVLBCCI,13588,84
09:36:29:798,LFDQ_061,activate,ask,IFJAFFXXWP,13527,180
09:36:30:466,YXZW_561,activate,bid,VOWPMZRDAM,13469,180
09:36:30:546,XEDQ_246,activate,bid,RMVLUQQQGP,13330,32
09:36:30:718,WXPU_028,activate,ask,DNQQIMHSPP,13661,216
09:36:31:063,WXPU_028,deactivate,ask,TOETZRQLHQ,None,None
09:36:31:253,LZHC_008,activate,bid,JQWDTWMYMM,13451,384
09:36:31:443,TTGN_389,activate,bid,XTBNXMGCIH,13436,48
09:36:31:502,VBWU_693,activate,ask,UNKFGWVZAM,13520,420
09:36:31:545,USBV_898,activate,bid,DSAMYHOCCK,13437,126
09:36:32:233,TOEY_561,activate,bid,YNRUWPWDCA,13344,144
09:36:32:467,LQLX_167,activate,ask,XGMTSVNLLE,13576,297
09:36:32:557,SUEP_957,activate,ask,NFQRMNYYCJ,13528,225
09:36:32:577,YXZW_561,activate,ask,LBCCRBVXHA,13547,150
09:36:33:245,ZTBU_684,activate,bid,DEMZJDLBAU,13390,162
09:36:33:901,MUMV_408,activate,bid,ULFANPQNCP,13471,96
09:36:34:423,KZQQ_502,activate,ask,RJQGECXZGQ,13669,550
09:36:34:863,YIZD_457,activate,bid,MUTGUZVSJV,13292,144
09:36:35:266,RSMB_782,activate,bid,FNROEVXKWC,13470,144
09:36:35:725,VDYK_729,activate,bid,APGFZOIBEL,13519,315
09:36:36:221,VDYK_729,deactivate,bid,EXJWDJICIX,None,None
09:36:36:661,GHHY_942,activate,ask,JOCHIECYZZ,13703,128
09:36:37:089,GHHY_942,activate,ask,ANHWFQTBCJ,13541,36
09:36:37:412,ROEX_888,activate,bid,MZWYAQTCLP,13465,84
09:36:37:864,FZSQ_738,activate,bid,HWXEVHDNOQ,13318,300
09:36:38:426,BMDN_002,activate,bid,XAWJSWLMOG,13269,140
09:36:38:801,GHXZ_344,activate,ask,WNNEJJESMK,13738,120
09:36:39:142,LZHC_008,activate,ask,UEGTXOUJEM,13563,144
09:36:39:761,KDVX_065,activate,ask,NARBCOSXRY,13522,140
09:36:39:799,TCUR_853,activate,bid,RAFPFWHXOS,13342,128
09:36:40:225,VSND_685,activate,ask,OXTSFHDEDZ,14157,600
09:36:40:312,JHNQ_723,activate,ask,TWEESOBGEH,13572,960
09:36:40:391,LVZD_988,activate,bid,PCCYOEQDWL,13516,400
09:36:41:060,XOJB_190,activate,ask,ANXTNYULCM,13830,40
09:36:41:568,LMCM_188,activate,ask,NJVEBGUZWA,13533,24
09:36:41:692,FZSQ_738,activate,ask,XTYCMZMYGQ,14142,216
09:36:42:372,VDYK_729,activate,ask,BHEOMDHAEO,13523,36
09:36:42:391,PCSH_366,activate,bid,NSLELOTMZV,13361,270
09:36:42:743,TLKP_290,activate,ask,UVKAAWRMGV,13540,216
09:36:43:196,FJGE_609,activate,ask,YUKWLHQOGW,13666,378
09:36:43:680,MUMV_408,activate,bid,KAYQBNCHHB,13469,288
09:36:44:110,PMWA_283,activate,bid,MJLIHHPVBM,13479,324
09:36:44:799,PMWA_283,deactivate,bid,AOEVRKKJLE,None,None
09:36:45:368,RPVI_427,activate,ask,LHMKKHLOQO,13522,180
09:36:45:754,ROEX_888,activate,ask,IZWSSWBSMY,13762,210
09:36:46:298,SYIY_540,activate,bid,YCCVWUBNMA,13408,252
09:36:46:387,BDUV_963,activate,ask,SAUDCJROAZ,13527,48
09:36:46:681,SGQU_037,activate,ask,RZFROQNUMM,13558,288
09:36:47:350,PLFG_686,activate,bid,WEEIVHGQOF,13468,63
09:36:47:743,LFDQ_061,activate,ask,YCUHJMZWEU,13521,112
09:36:47:925,WXCX_121,activate,bid,PZPTPAVNLQ,13519,48
09:36:48:204,ZEWX_502,activate,bid,VMLSSMWDNW,13513,48
09:36:48:584,WTJS_734,activate,bid,XYSUOKMNIW,13513,160
09:36:48:810,TTGN_389,activate,ask,SJCCUITMUZ,13667,96
09:36:49:426,PCSH_366,activate,ask,BZQGTGWNHE,13533,392
09:36:49:730,PUUJ_280,activate,ask,OKPZFHEEZX,13565,12
09:36:49:743,YLKV_982,activate,bid,NVBIMRDDAW,13449,144
09:36:49:827,JHTZ_953,activate,ask,TFBQTIYWMY,13589,216
09:36:50:270,WNPO_051,activate,bid,HPFKJEMOUD,13467,112
09:36:50:952,LWCA_600,activate,bid,ITSPWBVKNB,13481,84
09:36:51:316,VXLP_960,activate,ask,LZOPCYTLFB,13545,24
09:36:51:364,EAVH_368,activate,ask,CRMCVIVBXZ,13556,120
09:36:52:055,GZTK_332,activate,ask,GVVWCSAFRQ,13522,256
09:36:52:552,SGQU_037,activate,ask,VNVTZNUFUG,13549,44
09:36:52:563,FZSQ_738,activate,bid,BSYATBJPZD,13507,250
09:36:52:569,VBWU_693,activate,bid,JYJFJSGFAY,13393,105
09:36:52:827,ESUD_912,activate,bid,CJLQQPHJQK,13468,60
09:36:53:152,PCSH_366,activate,bid,IOJSHXCFDA,13506,108
09:36:53:476,GUDK_472,activate,bid,HRUBVEVLDI,13398,360
09:36:53:589,PLFG_686,activate,bid,FZWWHQCUFK,13508,40
09:36:54:224,ZTBU_684,activate,bid,VSDVWTNXRS,13520,100
09:36:54:292,GOKJ_013,activate,ask,TLWAPHKHMM,13531,108
09:36:54:436,GOKJ_013,deactivate,bid,QTMTWQQCHH,None,None
09:36:54:828,RJHA_711,activate,bid,VAEXDXDBLK,13209,60
09:36:55:289,BMDN_002,activate,ask,TGXAYRKNIW,13522,108
09:36:55:730,YXZW_561,activate,ask,QTQFUCSONP,13563,90
09:36:55:785,YXZW_561,deactivate,ask,PZNMCDBKWS,None,None
09:36:56:358,USBV_898,activate,bid,WFDETOZLXX,13474,150
09:36:56:577,USBV_898,deactivate,ask,LCQPEAEEXM,None,None
09:36:57:114,SUEP_957,activate,ask,PUSTNCGWGF,13753,96
09:36:57:240,MDWV_305,activate,bid,LKHNMPOUIT,13510,120
09:36:57:745,TLKP_290,activate,bid,OBCRBZCDGV,13371,180
09:36:58:238,BFDD_288,activate,ask,UQONTOBREF,13558,45
09:36:58:372,KZQQ_502,activate,ask,QGCMHXCEDW,13523,216
09:36:58:447,KZQQ_502,deactivate,ask,YCQSESRJJX,None,None
09:36:58:531,LFDQ_061,activate,ask,AJZKIYABOF,13601,96
09:36:59:185,ROEX_888,activate,ask,TBERWXSHAI,13521,120
09:36:59:437,XEDQ_246,activate,bid,XPLYVSUOVV,13486,72
09:37:00:013,ONGP_558,activate,ask,JXKQEIFVBM,13632,81
09:37:00:575,ONGP_558,deactivate,ask,QPJCREFWSD,None,None
09:37:01:024,EDAZ_814,activate,ask,SWNUPRGPZC,13602,36
09:37:01:453,YFOU_374,activate,ask,LXJIEKAJCV,13564,32
09:37:01:705,YFOU_374,deactivate,ask,BYRGQSTCQD,None,None
09:37:01:806,JHNQ_723,activate,bid,DDLKNHFYAJ,13514,30
09:37:01:910,LVZD_988,activate,bid,LYPCSZZYXY,13515,50
09:37:02:508,KIUK_592,activate,ask,KJSYSAOFHS,13533,576
09:37:03:115,KIUK_592,deactivate,bid,LZSXVPCMDG,None,None
09:37:03:342,ZVJA_679,activate,ask,YOQAQXNGCE,13596,324
09:37:03:791,WQMD_156,activate,bid,UXGWYUMJJV,13514,45
09:37:04:420,BDUV_963,activate,ask,MUBJREDQEF,13778,6
09:37:04:536,YLKV_982,activate,bid,UVCYVZXAUY,13434,360
09:37:05:025,ILQT_147,activate,bid,IHMWTLGCYS,13324,165
09:37:05:412,PUUJ_280,activate,bid,WSGUJNJASP,13480,168
09:37:05:726,PLPT_189,activate,ask,JELSQTWWAW,13780,528
09:37:05:906,ONGP_558,activate,ask,IEWZQJCRBS,13522,280
09:37:06:589,SUEP_957,activate,bid,CZNMSKBFKX,13469,36
09:37:06:870,SIYH_686,activate,ask,EWIDNHLJHG,13527,336
09:37:07:070,ZBVS_913,activate,bid,CVAJMWRFFX,13272,180
09:37:07:454,ZBVS_913,activate,ask,RVCRHITYXB,13525,192
09:37:08:053,MDWV_305,activate,ask,LMVGBLKVCQ,13587,180
09:37:08:723,JHTZ_953,activate,ask,NRYDDURDDP,13689,300
09:37:08:978,TOEY_561,activate,bid,DCCMAKZCTM,13401,18
09:37:09:619,VSND_685,activate,bid,PPYZLCUZWZ,13427,216
09:37:09:995,PLFG_686,activate,ask,OEHCRIBNGG,13567,75
09:37:10:029,BMDN_002,activate,bid,FROASZMPXI,13474,243
09:37:10:502,YFOU_374,activate,ask,QKGLETGFVY,13583,36
09:37:11:102,MUMV_408,activate,ask,WISNPMZETA,13529,16
09:37:11:203,RSMB_782,activate,bid,IHLZMSNOGO,13376,40
09:37:11:698,LVBW_250,activate,ask,ETPCFHGDKY,13607,36
09:37:12:284,JVMG_863,activate,ask,BLLDUPOMMO,13741,96
09:37:12:978,YLKV_982,activate,bid,CUPZRDJBOX,13282,72
09:37:13:304,JHNQ_723,activate,ask,XGSSSSRXED,13522,750
09:37:13:600,TSAO_461,activate,bid,VWJWXBZNVY,13447,256
09:37:13:735,SYIY_540,activate,bid,FRRDKBBIYC,13506,168
09:37:13:982,WXCX_121,activate,ask,JVRFATDXCU,14128,108
09:37:13:985,WXPU_028,activate,ask,XTEOFFUCNR,13552,40
09:37:14:634,DJGA_355,activate,ask,GMMHZUVVCB,13545,64
09:37:14:744,KJDQ_398,activate,ask,QINWOUVGBO,13522,96
09:37:15:002,FFLO_530,activate,ask,ADGNVDUKAB,13522,108
09:37:15:700,ZVJA_679,activate,bid,HISHYQLAGR,13164,240
09:37:15:712,EAVH_368,activate,bid,EXSTXBFQKV,13317,96
09:37:15:732,TSAO_461,activate,bid,IDFEVWRYHS,13513,60
09:37:16:369,TKNN_074,activate,ask,KVNPRMBSOD,13651,96
09:37:17:007,BMDN_002,activate,bid,ZXJQCCNPCW,13488,180
09:37:17:705,TSAO_461,activate,bid,HVQXPGEWNG,13520,48
09:37:18:065,DJGA_355,activate,bid,COFAWBLVAZ,13519,20
09:37:18:684,GZTK_332,activate,ask,XCSUXLFEBJ,13524,28
09:37:19:019,ONGP_558,activate,ask,REAAIDAWLS,13556,6
09:37:19:153,PCSH_366,activate,ask,YCGEVWHXMO,13523,308
09:37:19:318,AHPS_810,activate,ask,ZAAKSBYFFU,13528,80
09:37:19:471,GHHY_942,activate,ask,HVOICYUFDU,13543,96
09:37:20:126,RSMB_782,activate,bid,YRZVDCTHLD,13279,40
09:37:20:291,XOJB_190,activate,bid,LRCXRGTAHM,13404,216
09:37:20:766,WTJS_734,activate,bid,JTXOCOOSLX,13510,48
09:37:21:395,WTJS_734,deactivate,bid,QCYFXUJJLE,None,None
09:37:21:458,VCIO_035,activate,bid,MTGKFQTQSF,13252,36
09:37:21:502,USBV_898,activate,bid,PMXRSHDLFC,13521,32
09:37:22:146,VCIO_035,activate,ask,RGYWLYEBRD,13593,324
09:37:22:612,SGQU_037,activate,bid,MREWAMKTBQ,13492,24
09:37:22:990,LMCM_188,activate,ask,ZBRMGFULAR,13712,84
09:37:23:555,PLFG_686,activate,bid,WSEKWCOPYO,13520,168
09:37:23:961,TSDU_755,activate,ask,USWCABTTDY,13606,36
09:37:24:083,PUUJ_280,activate,bid,MMLZTFRKXL,13512,30
09:37:24:209,ESUD_912,activate,bid,ZEFGIUQCMU,13483,792
09:37:24:270,ESUD_912,deactivate,ask,FXWQGRGBEE,None,None
09:37:24:435,VSND_685,activate,bid,BPCPTRYZMP,13480,360
09:37:25:002,ZVJA_679,activate,bid,PZIAYKEDWG,13511,96
09:37:25:334,NKSJ_645,activate,ask,DUZEGCZZFG,13532,288
09:37:25:892,DAAN_057,activate,ask,YOPSGWHFXZ,13589,96
09:37:25:913,KJDQ_398,activate,ask,AOBZWPEHQC,13527,28
09:37:26:353,KJDQ_398,deactivate,bid,CZNMSKBFKX,None,None
09:37:26:748,LWCA_600,activate,bid,WJPOPDNTAB,13522,120
09:37:27:117,YKYS_500,activate,ask,OYPDOPAYUG,13624,72
09:37:27:129,TFST_877,activate,bid,GDUGBOYZAH,13510,60
09:37:27:353,PCSH_366,activate,ask,EEJDOSPDVO,13527,135
09:37:28:014,ROEX_888,activate,ask,ABAUGCVKPA,13578,300
09:37:28:234,TOEY_561,activate,bid,SGSGZLWGHK,13385,100
09:37:28:853,TOEY_561,activate,ask,YKMIXDFYFN,13638,24
09:37:29:497,MUMV_408,activate,bid,JHEABULBCH,13489,48
09:37:29:542,ROEX_888,activate,ask,PMICDPFFDM,13533,24
09:37:29:969,XEDQ_246,activate,bid,WKNVUPXNEE,13453,24
09:37:30:636,RWFP_299,activate,ask,OAVVRZXPJZ,13536,192
09:37:30:764,JHTZ_953,activate,bid,GRQWNLKFJD,13465,84
09:37:30:789,GHHY_942,activate,ask,XYRFYRZDKY,13643,210
09:37:30:891,ILQT_147,activate,ask,ZMUIEYHUYK,13780,240
09:37:31:302,KJDQ_398,activate,ask,UJPMCIHUIN,13549,32
09:37:31:794,EDAZ_814,activate,bid,MNMFAPCFQN,13522,36
09:37:32:251,KZQQ_502,activate,ask,QOPMHLGLDT,13523,360
09:37:32:526,DOTZ_154,activate,ask,OUTYNZARBA,13523,84
09:37:32:934,NFCJ_991,activate,ask,GQVQLAFLVB,13673,800
09:37:33:388,ESUD_912,activate,bid,JISYDTQHGD,13474,72
09:37:33:858,KJDQ_398,activate,ask,DYDMWQPIEH,13533,72
09:37:34:295,RBLJ_404,activate,bid,DICLJHNTQP,13478,243
09:37:34:441,RBLJ_404,activate,ask,XHBNBRNEHE,13523,315
09:37:34:788,RBLJ_404,deactivate,bid,RRLFXWXDQF,None,None
09:37:35:447,ILQT_147,activate,ask,IUTFRCBVTQ,13528,144
09:37:35:468,RBLJ_404,activate,bid,CKVDIWKLOZ,13521,48
09:37:35:838,LQLX_167,activate,ask,KJOLMSXMRQ,13638,144
09:37:36:295,LWCA_600,activate,ask,OAOUCPZHFA,13649,48
09:37:36:419,WQMD_156,activate,ask,FWUNOZVQVJ,13719,576
09:37:36:894,FFLO_530,activate,bid,NFLGXNZHAQ,13499,120
09:37:37:533,ONGP_558,activate,ask,NSHAZIMBCL,13611,432
09:37:37:951,QQKN_297,activate,bid,UJEILMBQDX,13489,48
09:37:38:115,RBLJ_404,activate,ask,EJWDYERWBL,13543,10
09:37:38:251,RBLJ_404,deactivate,ask,AJZKIYABOF,None,None
09:37:38:370,GUDK_472,activate,bid,SYWZNMFJPF,13485,160
09:37:38:425,XEDQ_246,activate,bid,IFXSVBXPLK,13521,210
09:37:38:726,PMWA_283,activate,bid,WFIXODESYO,13409,240
09:37:39:057,YKYS_500,activate,bid,GQGQKAZABK,13362,160
09:37:39:670,ZVJA_679,activate,ask,RTPIPMWQXJ,13549,72
09:37:40:312,WXPU_028,activate,bid,PZLFNEWYVB,13442,144
09:37:40:666,BFDD_288,activate,bid,CDZIUUQVDO,13503,280
09:37:41:003,BMDN_002,activate,bid,YYESZJRJYI,13521,24
09:37:41:574,LZHC_008,activate,bid,FBLJSFIYDO,13430,96
09:37:42:264,QQKN_297,activate,ask,GKXSYAMNKD,13525,120
09:37:42:907,SUEP_957,activate,bid,QRTROLUYOG,13160,72
09:37:43:166,SUEP_957,deactivate,ask,JEJWKETZCQ,None,None
09:37:43:679,LQLX_167,activate,bid,JASGOOGQGJ,13483,70
09:37:44:095,LQLX_167,deactivate,bid,PVJRSJEDTT,None,None
09:37:44:286,YIZD_457,activate,bid,PTYCDBKWAK,13077,105
09:37:44:739,WXCX_121,activate,bid,NGGQUDKHFT,13422,80
09:37:45:258,KZQQ_502,activate,ask,UCNHSVPGGT,13562,80
09:37:45:446,PLPT_189,activate,bid,XHDDYXDIXC,13358,216
09:37:46:004,MUMV_408,activate,ask,XKBPXFLDGN,13543,72
09:37:46:159,EDAZ_814,activate,ask,XSJXIJWYWL,13614,56
09:37:46:244,BFDD_288,activate,bid,XJPNTTJJMF,13330,60
09:37:46:430,LZHC_008,activate,ask,ZUEEXNFKZI,13550,900
09:37:46:645,PLPT_189,activate,ask,XXNLNVWHNO,13525,72
09:37:46:816,LVBW_250,activate,bid,EBCRTGSMIB,13517,96
09:37:47:301,SUEP_957,activate,ask,KDUXRDVAKD,13526,120
09:37:47:368,NFCJ_991,activate,ask,PGSNSZNVEZ,13524,48
09:37:47:428,LZHC_008,activate,bid,FCNESOKBWR,13495,384
09:37:48:013,ROEX_888,activate,ask,WZGYWTZXPO,13840,180
09:37:48:072,SYIY_540,activate,bid,YHGNXGYQGK,13523,144
09:37:48:124,SIYH_686,activate,bid,QQERPQYAZU,13488,200
09:37:48:492,ZEWX_502,activate,ask,ZZFPJTWYTF,13713,36
09:37:48:632,AGKW_757,activate,ask,BOGGJJFVMG,13863,32
09:37:49:226,QQKN_297,activate,ask,UXFZNBEAFD,13553,8
09:37:49:745,RBLJ_404,activate,ask,WJLOBJQNOC,13535,64
09:37:50:076,GOKJ_013,activate,bid,GLGCZVFJLK,13329,32
09:37:50:138,KJDQ_398,activate,bid,ZDNWMRLYPD,13400,72
09:37:50:529,KDVX_065,activate,bid,JDZAFLZDGX,12962,36
09:37:51:044,TSDU_755,activate,bid,IPTSYPKFCR,13520,24
09:37:51:502,LVZD_988,activate,ask,YZQQXFVSJI,13559,105
09:37:51:993,RWFP_299,activate,ask,ZVFXJRAYTE,13528,48
09:37:52:548,TFST_877,activate,bid,USBANTHQWM,13457,36
09:37:52:932,KJDQ_398,activate,ask,ZVPHDWDLDH,13539,180
09:37:53:286,TKNN_074,activate,ask,RSFCIYUYGL,13563,120
09:37:53:502,PCSH_366,activate,ask,WEPBUNIXJJ,13524,640
09:37:54:053,PCSH_366,deactivate,ask,OJEUXBIOUG,None,None
09:37:54:229,YKYS_500,activate,bid,AELQHZMCGX,13436,360
09:37:54:288,VSND_685,activate,bid,WGFIRZUSZJ,13425,144
09:37:54:875,VSND_685,deactivate,ask,FMYBAUKZNB,None,None
09:37:55:324,NKSJ_645,activate,ask,BNWCUVIJWZ,13613,32
09:37:55:499,LFDQ_061,activate,bid,ZMHGJXPEDQ,13362,24
09:37:55:622,WTJS_734,activate,bid,OXXBOIRMFX,13323,420
09:37:55:782,RSMB_782,activate,ask,ALAMLQJQTK,13552,12
09:37:56:205,ROEX_888,activate,bid,CISXUICRUM,13521,420
09:37:56:408,ROEX_888,deactivate,bid,PZPTPAVNLQ,None,None
09:37:57:096,SYIY_540,activate,bid,OAPXZETQVS,13523,72
09:37:57:261,KDVX_065,activate,bid,JVWNJHFWOC,13427,198
09:37:57:546,KIUK_592,activate,ask,PMETTXYOST,13596,72
09:37:58:049,GHXZ_344,activate,ask,NXNPJKHECS,13527,168
09:37:58:173,WTJS_734,activate,ask,IPJUELXMHQ,13917,72
09:37:58:705,JHTZ_953,activate,ask,VEZNBXVWQO,13603,120
09:37:59:312,ZABL_910,activate,ask,RDWSFGYPKV,13703,105
09:37:59:623,SYIY_540,activate,ask,DXRQJHZQST,13810,24
09:38:00:098,SYIY_540,deactivate,bid,RBTLNGILEF,None,None
09:38:00:482,NCDC_493,activate,bid,PASFRXFPEC,13424,108
09:38:00:739,VXLP_960,activate,ask,VOQWCIIAWF,13547,108
09:38:00:855,YKYS_500,activate,bid,ZMOISTWUQN,13475,18
09:38:01:102,ROEX_888,activate,bid,KREKHFOIIA,13444,30
09:38:01:607,TKNN_074,activate,ask,VRRRTWKXWJ,13546,72
09:38:02:025,SYIY_540,activate,ask,RNLGHQHVFR,13899,120
09:38:02:308,GZTK_332,activate,bid,VIRLBJWYTS,13502,54
09:38:02:603,WXCX_121,activate,bid,TSJHEDYXTB,13145,90
09:38:02:860,GOKJ_013,activate,bid,JRHORIXIRZ,13489,192
09:38:03:347,NFCJ_991,activate,ask,VXWDBYRPAP,13538,36
09:38:03:997,RPVI_427,activate,ask,STXZTTOJFT,13531,168
09:38:04:359,USBV_898,activate,bid,XKLXWDEJLN,13012,216
09:38:04:361,DAAN_057,activate,ask,NJUPLVUTPA,13550,144
09:38:04:887,DAAN_057,deactivate,ask,UXMLZHTLMJ,None,None
09:38:05:565,YXZW_561,activate,bid,HOTESNZCTB,13523,126
09:38:05:645,VSND_685,activate,bid,SNZQJFYEZK,13466,150
09:38:06:192,PLPT_189,activate,bid,NGQSFSBYHJ,13282,120
09:38:06:356,ILQT_147,activate,ask,TUAARLTGDX,13540,18
09:38:06:886,ZEWX_502,activate,ask,PJIGFIKTLJ,13687,64
09:38:06:950,ZEWX_502,deactivate,bid,BAKZNANNMC,None,None
09:38:07:498,MDWV_305,activate,ask,JWGYPJQYQR,13895,40
09:38:07:593,MDWV_305,deactivate,bid,NPAWPZRYVN,None,None
09:38:07:882,MDWV_305,deactivate,bid,WEEIVHGQOF,None,None
09:38:07:941,TLKP_290,activate,ask,TSJLVNVCRE,13525,12
09:38:08:031,TLKP_290,deactivate,ask,NJUPLVUTPA,None,None
09:38:08:507,SGQU_037,activate,ask,EYQUCGIHJZ,13553,648
09:38:09:131,BMDN_002,activate,ask,KBGRMBCFUO,13573,84
09:38:09:732,YCMY_801,activate,ask,ZOGOLENUHR,13525,24
09:38:09:831,VCIO_035,activate,bid,QGVTPKVOKV,13479,96
09:38:10:255,ZABL_910,activate,bid,UEZCQAAMGQ,13481,84
09:38:10:705,ZABL_910,deactivate,bid,DIVLJXEDSX,None,None
09:38:10:893,XOJB_190,activate,bid,PMGCVPPLFI,13443,48
09:38:11:418,ZEWX_502,activate,bid,LNUIGINAPZ,13412,144
09:38:11:934,EAVH_368,activate,ask,SPGFNTUQJD,13601,84
09:38:12:495,EAVH_368,activate,bid,ICZOKVVLYM,13394,210
09:38:13:117,YLKV_982,activate,ask,NTROJQGCTH,13547,108
09:38:13:171,BMDN_002,activate,bid,UXMNVRPEJR,13484,240
09:38:13:187,YIZD_457,activate,bid,BTHXFFEWID,13522,525
09:38:13:414,JVMG_863,activate,bid,LOBBLRURTC,13135,100
09:38:13:930,JHNQ_723,activate,bid,MZMBFRQXNM,13523,160
09:38:14:191,JHNQ_723,deactivate,ask,FQFTYEAZZQ,None,None
09:38:14:752,JHNQ_723,deactivate,bid,SSRGNXSKMY,None,None
09:38:15:359,GZTK_332,activate,bid,FJEEBOHDGG,13159,84
09:38:15:915,YKYS_500,activate,ask,BUWPKBNCJD,13549,180
09:38:16:233,TFST_877,activate,ask,ZHWLACDXLS,13924,192
09:38:16:284,SUEP_957,activate,ask,GAKEHSALWF,13605,180
09:38:16:955,BFDD_288,activate,ask,AJHYFNMBPX,13902,336
09:38:17:608,KZQQ_502,activate,bid,TCAGBILWSD,13434,24
09:38:18:070,KZQQ_502,deactivate,bid,WWEXLRLFPK,None,None
09:38:18:279,KZQQ_502,deactivate,ask,SAKLRBNOPS,None,None
09:38:18:549,ESUD_912,activate,ask,TTAVPLGZOP,13977,160
09:38:18:945,GHHY_942,activate,bid,MNDJFSZEXW,13469,132
09:38:19:151,XOJB_190,activate,ask,QYPXJSPIYY,13587,45
09:38:19:820,XOJB_190,deactivate,bid,JYYNAEGUGR,None,None
09:38:20:354,GUDK_472,activate,bid,HHRZAEUWGU,13469,135
09:38:20:951,FFLO_530,activate,bid,ELJZLAYUDD,13345,120
09:38:21:130,RBLJ_404,activate,ask,WXDWSEPUEL,13526,12
09:38:21:806,AGKW_757,activate,bid,VBIYYTTJKP,13525,105
09:38:22:286,JVMG_863,activate,bid,SSAUJXNOTM,13305,240
09:38:22:774,LVBW_250,activate,bid,PVRMLFTPPA,13449,21
09:38:23:191,TTGN_389,activate,ask,GAJTLLWDXK,13538,120
09:38:23:365,VSND_685,activate,ask,HNUBYLXIMF,13538,180
09:38:23:407,RBLJ_404,activate,ask,DUINSTKCWY,13569,18
09:38:23:634,YLKV_982,activate,bid,GTQPKNUUDT,13518,480
09:38:23:759,NKSJ_645,activate,ask,WLEEJCEQGN,13555,720
09:38:24:351,BDUV_963,activate,ask,HHXTOTCXRC,13527,24
09:38:24:412,TFST_877,activate,bid,UWNDSEBMZQ,13450,120
09:38:24:583,TSAO_461,activate,ask,ZRZUUZYGUF,13676,108
09:38:24:910,ROEX_888,activate,bid,PIGQIGJDXY,13216,420
09:38:25:004,EDAZ_814,activate,bid,KPJHXUKFEL,13469,64
09:38:25:452,AJWE_569,activate,ask,SYGKRXXCTT,13533,675
09:38:25:502,ZBVS_913,activate,ask,OMIACAQIEY,13599,84
09:38:25:703,QQKN_297,activate,bid,HLRHENEYFB,13470,84
09:38:26:215,SGQU_037,activate,bid,PDQCWLYQEJ,13346,210
09:38:26:313,LMCM_188,activate,ask,DYMWWRFGMH,13532,144
09:38:26:711,LMCM_188,deactivate,ask,NXNPJKHECS,None,None
09:38:26:988,YCMY_801,activate,bid,NPJQSZGNIR,13402,90
09:38:27:154,YIZD_457,activate,bid,NLTUZPZFJO,13476,160
09:38:27:635,ZAXI_217,activate,bid,AJQLPTSPYO,13480,168
09:38:28:084,AIWX_780,activate,bid,LELCDHWVAT,13516,27
09:38:28:107,LAQV_775,activate,ask,EFBXJQYOVW,13567,432
09:38:28:482,MUMV_408,activate,bid,GPSZPFBKME,13410,250
09:38:28:624,ILQT_147,activate,ask,MOUBXVVOSG,13526,270
09:38:29:204,ZTBU_684,activate,bid,NMOXBRRAME,13321,36
09:38:29:376,USBV_898,activate,bid,MHBQSIEPUP,13338,84
09:38:29:769,TFST_877,activate,ask,WYCVMVUFLZ,13811,132
09:38:29:781,NCDC_493,activate,bid,HEXKWDMCYW,13495,720
09:38:30:103,LVZD_988,activate,bid,MHBPNBGRNY,13441,180
09:38:30:354,ESUD_912,activate,ask,MLSVTKNJPG,13546,90
09:38:30:367,NKSJ_645,activate,ask,VMVBEGRPOL,13565,225
09:38:30:761,JHNQ_723,activate,ask,AZVQKZQQON,13532,504
09:38:31:167,VXLP_960,activate,bid,VJSZDPDMQB,13330,60
09:38:31:838,XPKU_205,activate,bid,LLBBJUTOUL,13352,36
09:38:32:479,JHNQ_723,activate,bid,JATERQYIHD,12721,135
09:38:32:525,EAVH_368,activate,bid,DOGBPUIKTV,13525,200
09:38:32:610,FZSQ_738,activate,ask,NITEXCHNFK,13558,216
09:38:32:936,FFLO_530,activate,bid,AGJFDUIJBE,13391,54
09:38:33:373,LZHC_008,activate,ask,NBRAVDLHSD,13557,72
09:38:33:430,LVZD_988,activate,ask,DTETSRRLLP,13600,180
09:38:34:087,LVZD_988,deactivate,bid,FROASZMPXI,None,None
09:38:34:284,MDWV_305,activate,ask,HMBZGXWKBF,13526,72
09:38:34:720,YLKV_982,activate,bid,TVABCXQYUD,13524,16
09:38:35:147,YLKV_982,activate,ask,TUUSQMTYMO,13590,192
09:38:35:682,ZEWX_502,activate,ask,XGOQUTFIAE,13616,144
09:38:36:104,RSMB_782,activate,bid,JXILSGHKMS,13520,60
09:38:36:332,BDUV_963,activate,ask,QQFEOJJMMW,13537,9
09:38:36:423,MCWL_141,activate,bid,TLYYGCVCTG,13515,60
09:38:36:641,DAAN_057,activate,ask,ZHEDZRLJNN,13538,56
09:38:36:889,YFOU_374,activate,ask,HTZLOUWHKS,13526,160
09:38:37:532,ZBVS_913,activate,bid,UTDUAKSJFP,13499,648
09:38:38:207,TSAO_461,activate,ask,JCPOLZWEMM,13538,48
09:38:38:566,TSAO_461,deactivate,bid,GXYJKANWHV,None,None
09:38:39:191,TSAO_461,deactivate,ask,QPVYKSHECW,None,None
09:38:39:667,TSAO_461,deactivate,bid,MNMVVRLZOE,None,None
09:38:40:184,VSND_685,activate,ask,OJVBPOYRJU,13913,48
09:38:40:605,GZTK_332,activate,bid,SFSJVAFEME,13465,48
09:38:40:922,MUMV_408,activate,ask,ZPOYKYXLLQ,13530,120
09:38:41:103,MUMV_408,deactivate,bid,AEMVEZMTXP,None,None
09:38:41:591,MUMV_408,deactivate,bid,NUZPUQIBQV,None,None
09:38:41:604,YFOU_374,activate,bid,GMEIRZDYLY,13470,540
09:38:41:739,EDAZ_814,activate,bid,UWMWLQODTC,13214,90
09:38:42:238,HPOX_202,activate,bid,BZTXVXVVRQ,13476,378
09:38:42:545,TLKP_290,activate,ask,SJRYQSRQZY,13785,24
09:38:43:023,YLKV_982,activate,bid,JIJPHQXELY,13430,144
09:38:43:103,AJWE_569,activate,bid,AVJTJVOCBC,13377,180
09:38:43:189,WNPO_051,activate,bid,YAKZSTRACN,13424,90
09:38:43:318,GHXZ_344,activate,ask,TMWBELKNTX,13730,24
09:38:43:912,LAQV_775,activate,ask,DDTKAKYOVT,13546,90
09:38:44:121,ROEX_888,activate,bid,UKRBNWHHOE,13512,180
09:38:44:181,GMCR_054,activate,ask,CYVHFAVGMR,13527,12
09:38:44:525,VDYK_729,activate,ask,SOSXAQDLGD,13527,60
09:38:44:725,ROEX_888,activate,ask,JCGIMKROLF,13553,180
09:38:45:155,XEDQ_246,activate,ask,WCHESJDLCL,13527,36
09:38:45:606,KZQQ_502,activate,ask,VXUHRMLCWF,13552,288
09:38:46:199,CLPE_513,activate,ask,WOHLQYLDBS,13672,54
09:38:46:877,GYWV_414,activate,ask,EPALRMPPPT,13732,96
09:38:47:350,TFST_877,activate,bid,UPVEILWUYC,13456,180
09:38:47:361,TCUR_853,activate,ask,TKGMDCCKQZ,13545,48
09:38:47:799,KIUK_592,activate,ask,JUSQGQHBAS,13650,60
09:38:48:251,VCIO_035,activate,ask,BNCHNZFSEF,13773,192
09:38:48:305,TOEY_561,activate,bid,EAAEQGHCMG,13519,96
09:38:48:862,WXPU_028,activate,ask,BGHETPNJWO,13562,216
09:38:49:259,YIZD_457,activate,ask,FVWQSACWIA,13527,36
09:38:49:835,XEDQ_246,activate,bid,SGWXXJNUGC,13518,40
09:38:49:942,GUDK_472,activate,bid,DPEOGFNCWQ,13492,168
09:38:50:201,GFKB_410,activate,bid,ARXKJMMZQE,13515,80
09:38:50:811,LQLX_167,activate,ask,SPAAMULBSU,13563,120
09:38:51:061,KZQQ_502,activate,ask,KMNMTQTGNI,13527,504
09:38:51:502,AGKW_757,activate,ask,VBRCRTWZZM,13534,80
09:38:52:019,YFOU_374,activate,ask,KAQMKBAJTE,13536,40
09:38:52:480,WXPU_028,activate,bid,YEVQLTZVCC,13526,192
09:38:52:774,RSMB_782,activate,ask,LOEVGPATEY,13529,112
09:38:53:272,GYWV_414,activate,bid,OESCXYJEPE,13323,63
09:38:53:498,JVMG_863,activate,ask,OGJYFNZCZM,13579,135
09:38:53:787,RBLJ_404,activate,bid,VKKOHGTHLK,13525,45
09:38:54:113,RSMB_782,activate,ask,YJZYTRTPGX,13617,192
09:38:54:457,VCIO_035,activate,ask,NEUOTWKQAF,13527,180
09:38:55:035,KIUK_592,activate,bid,FRWLHCBKFT,13499,168
09:38:55:037,BMDN_002,activate,bid,NPPPPPJMQA,13512,512
09:38:55:247,GHHY_942,activate,bid,DAUNIYZZKA,13515,400
09:38:55:838,XPKU_205,activate,ask,PPLCAUAZKM,13614,36
09:38:56:436,KIUK_592,activate,bid,PMHTIMTYVB,13520,180
09:38:56:621,TOEY_561,activate,ask,JOKHUIXREK,13552,108
09:38:57:068,TCUR_853,activate,bid,HIOMMNDAOJ,13496,80
09:38:57:273,RSMB_782,activate,bid,ZPZOGNWBRP,13397,192
09:38:57:721,USBV_898,activate,ask,MZOMQKRNUS,13773,32
09:38:58:082,USBV_898,deactivate,ask,ASYACPOEIA,None,None
09:38:58:581,BDUV_963,activate,ask,SUSMJMQDAC,13562,50
09:38:58:715,RSMB_782,activate,bid,VFVZWSCYIK,13527,192
09:38:59:066,WQMD_156,activate,ask,MVWPCZEHPL,13669,36
09:38:59:303,JVMG_863,activate,ask,HDOBULLBYH,13529,64
09:38:59:995,GUDK_472,activate,bid,DQEFEUKTFF,13285,224
09:39:00:585,GHHY_942,activate,bid,UJZUOZMDVG,13112,84
09:39:00:996,WNPO_051,activate,ask,JGDDCQLUWS,13536,40
09:39:01:055,WNPO_051,deactivate,ask,WCHESJDLCL,None,None
09:39:01:698,VXLP_960,activate,bid,RGDASWSQDA,13431,84
09:39:02:042,ROEX_888,activate,bid,DATOEXVIRH,13475,126
09:39:02:445,EAVH_368,activate,ask,MJXNAGTMAJ,13584,36
09:39:02:887,FJGE_609,activate,ask,SSSGVPEFBR,13530,96
09:39:03:577,XEDQ_246,activate,ask,VZOCGZMJSD,13584,315
09:39:03:930,GMCR_054,activate,ask,XRPQLTVJJJ,13537,126
09:39:04:190,VXLP_960,activate,bid,RNFFIGLXSV,13507,80
09:39:04:763,TCUR_853,activate,bid,EIOFBWNYTJ,13295,126
09:39:05:204,WQMD_156,activate,ask,LYQPOIJIAW,13552,96
09:39:05:226,HPOX_202,activate,ask,RLYOJLFDLV,13609,36
09:39:05:586,GZTK_332,activate,ask,FSMFMAPZAU,13588,48
09:39:05:862,VSND_685,activate,bid,YXAAQYWXLP,13524,300
09:39:06:363,GZTK_332,activate,bid,VRLAEBXUSC,13153,48
09:39:07:054,YKYS_500,activate,ask,STAUYROHWQ,13529,14
09:39:07:633,ZVJA_679,activate,ask,IESWYFHVNF,13531,210
09:39:07:736,ZVJA_679,deactivate,bid,JTNPHNLSTY,None,None
09:39:07:885,GZTK_332,activate,ask,IEUSGACPJM,13641,60
09:39:08:259,YKYS_500,activate,bid,JDWRQTINER,13514,90
09:39:08:649,DAAN_057,activate,bid,NYNAMEZARZ,13502,60
09:39:08:744,VBWU_693,activate,bid,AUVKTGJOPA,13458,240
09:39:09:084,LMCM_188,activate,bid,IGWPLXDQOU,13513,60
09:39:09:625,WTJS_734,activate,ask,HZFGKKVHYE,13529,8
09:39:09:751,RWFP_299,activate,bid,BBBDBELDRK,13519,96
09:39:10:378,PMWA_283,activate,ask,AFPEEYUHCJ,13531,168
09:39:10:850,EDAZ_814,activate,ask,JRTIQDAHTC,13571,720
09:39:10:911,LVBW_250,activate,bid,VMEJUXEMLB,13524,180
09:39:10:961,AGKW_757,activate,bid,OZMOCOZIAG,13419,165
09:39:11:350,ZABL_910,activate,bid,EQLPVJAURM,13409,10
09:39:11:853,RJHA_711,activate,bid,TMTESBSDKN,13394,36
09:39:12:408,MCWL_141,activate,bid,THUVYTUYAC,13458,120
09:39:12:461,RWFP_299,activate,ask,OUWBGALGKP,13943,450
09:39:13:059,BMDN_002,activate,bid,ECIOOSHVLU,13317,672
09:39:13:272,XPKU_205,activate,bid,ELUIURQRSW,13427,216
09:39:13:736,YLKV_982,activate,bid,LXGRRPGZBV,13306,20
09:39:13:819,AJWE_569,activate,ask,JLXVQUCNGW,13818,108
09:39:14:397,GFKB_410,activate,bid,FZRXGPWRVU,13508,16
09:39:14:471,WQMD_156,activate,bid,SOIRFHOYXJ,13526,24
09:39:14:916,WQMD_156,deactivate,ask,FGPKRIFVJF,None,None
09:39:15:236,ZAXI_217,activate,ask,XYOWEUTUIE,13643,168
09:39:15:586,SYIY_540,activate,ask,VPWWCXAVUT,13801,48
09:39:15:889,KIUK_592,activate,ask,UIXIVLPZNL,13950,336
09:39:16:209,XPKU_205,activate,bid,LUECYPEULH,13448,100
09:39:16:802,TSAO_461,activate,bid,RRATYNOLQB,13370,72
09:39:17:308,NKSJ_645,activate,bid,PSCBUDCLIP,13526,243
09:39:17:764,NFCJ_991,activate,ask,UKKWUOKGKL,13541,288
09:39:17:834,NFCJ_991,deactivate,bid,QGVTPKVOKV,None,None
09:39:18:097,KZQQ_502,activate,ask,NZMCYBWUGL,13536,294
09:39:18:729,MUMV_408,activate,ask,FAFERHOCZZ,13807,72
09:39:19:286,LMCM_188,activate,ask,CPVAZGPJEG,13545,700
09:39:19:560,GHHY_942,activate,bid,WXZONXUZAE,13312,80
09:39:19:954,GHHY_942,deactivate,ask,KLWZZIWFSO,None,None
09:39:20:479,FFLO_530,activate,bid,HZQYCZGBQR,13487,432
09:39:20:951,LVBW_250,activate,ask,LNIOFGKGHE,13740,120
09:39:21:307,GZTK_332,activate,ask,ZXWWFCAEJC,13591,252
09:39:21:635,DOTZ_154,activate,ask,UZVTHOMMMK,13662,144
09:39:22:039,ROEX_888,activate,bid,OHQVWXNWJY,13342,210
09:39:22:570,PLPT_189,activate,ask,HZSMHERCRE,13661,90
09:39:22:900,TKNN_074,activate,ask,OZRDEEVZPH,13679,20
09:39:23:105,BFDD_288,activate,bid,PHOMUXJKYM,13173,64
09:39:23:564,KIUK_592,activate,bid,ZEUQACPZJW,13421,144
09:39:23:845,VSND_685,activate,ask,OGIAOGDWTB,13609,132
09:39:24:175,GZTK_332,activate,bid,IUKQWPFYCA,13369,72
09:39:24:204,XEDQ_246,activate,bid,KSKRXWAYDP,13233,40
09:39:24:787,XOJB_190,activate,bid,YRMQBDFSSU,13471,12
09:39:25:450,ZAXI_217,activate,ask,KVUMDDOGYU,13538,80
09:39:26:101,WXCX_121,activate,bid,LBYIHCIPPM,13516,144
09:39:26:523,GZTK_332,activate,bid,JSZUPSUHHS,13517,180
09:39:26:657,QQKN_297,activate,bid,UQWABHJHFJ,13468,180
09:39:27:062,AHPS_810,activate,bid,FBKSVVFXHS,13410,240
09:39:27:213,EDAZ_814,activate,ask,NDPHFQQRGK,13532,252
09:39:27:342,WQMD_156,activate,bid,LEYLFICFOU,12975,28
09:39:27:481,VDYK_729,activate,ask,MLNUMNJFWR,13557,20
09:39:28:005,EAVH_368,activate,ask,MIXRMZBJKN,13745,36
09:39:28:304,LVZD_988,activate,bid,AJMIMHLIZL,13517,32
09:39:28:325,TSDU_755,activate,ask,EISTUAQFGW,13785,180
09:39:28:459,ZVJA_679,activate,ask,SJQQVLZWDO,13564,72
09:39:28:520,RBLJ_404,activate,ask,IONUNUCDBJ,13540,24
09:39:28:671,RBLJ_404,deactivate,bid,DSNULZDAXC,None,None
09:39:29:291,AGKW_757,activate,ask,WQBAPNAYAJ,13801,72
09:39:29:698,ZAXI_217,activate,bid,PPZRRULINU,12423,60
09:39:30:001,PLPT_189,activate,bid,QZGIWCADSA,13356,36
09:39:30:395,ONGP_558,activate,ask,DURMCEAJAE,13662,96
09:39:30:440,ONGP_558,deactivate,bid,BUPXEVEIGE,None,None
09:39:31:079,ILQT_147,activate,bid,YHIJEKNYVY,13527,294
09:39:31:228,ILQT_147,deactivate,bid,FOVDJEVNKZ,None,None
09:39:31:450,WQMD_156,activate,bid,LLOBDTHLAN,12563,35
09:39:31:618,VSND_685,activate,ask,OBLCLHNEJI,13585,144
09:39:32:187,WTJS_734,activate,bid,EGUPEMCSVM,13457,4
09:39:32:623,MDWV_305,activate,bid,GKYFQVURVZ,13486,280
09:39:33:223,PLFG_686,activate,bid,XABJPXPPKG,13405,180
09:39:33:611,JHNQ_723,activate,ask,QWKJVDKYCG,13650,56
09:39:33:940,LMCM_188,activate,bid,OHROFZPVQM,13345,126
09:39:34:166,TOEY_561,activate,bid,RKNHKYMXWX,13496,60
09:39:34:193,DOTZ_154,activate,ask,CZOYXUOWTE,13530,270
09:39:34:510,ILQT_147,activate,ask,YVRLOKMQNU,13702,120
09:39:35:059,MUMV_408,activate,ask,VAQVNCOXTJ,13566,30
09:39:35:170,XPKU_205,activate,bid,FHSVQWLSEE,13518,30
09:39:35:604,ROEX_888,activate,ask,EHKIZEEOVU,13596,200
09:39:36:070,SGQU_037,activate,bid,ASBLOGTNBB,13324,144
09:39:36:122,AGKW_757,activate,ask,LWKAKWTXWV,13719,108
09:39:36:297,AGKW_757,deactivate,ask,RDWSFGYPKV,None,None
09:39:36:856,LFDQ_061,activate,bid,YGRYHVUPFJ,13102,48
09:39:37:188,GZTK_332,activate,bid,CLYIXNHDCO,13341,900
09:39:37:846,RPVI_427,activate,bid,SAIHTVKMNY,13524,112
09:39:38:070,QQKN_297,activate,bid,EOMJQXWFUN,13522,210
09:39:38:763,TOEY_561,activate,ask,AZONTOCHNI,13586,72
09:39:39:169,LZHC_008,activate,ask,VHGURLPFMT,13541,96
09:39:39:420,DJGA_355,activate,bid,VEIWZOVJQY,13506,150
09:39:39:992,DJGA_355,activate,ask,BFVRCNKFVH,13677,112
09:39:40:234,NFCJ_991,activate,bid,SUKYERBLKG,13381,48
09:39:40:406,WQMD_156,activate,bid,NGEBAUFOPL,13529,160
09:39:40:427,BDUV_963,activate,bid,IIKKGIAVCK,13473,180
09:39:40:717,LZHC_008,activate,ask,YPKOOTRTKJ,13530,90
09:39:41:139,NKSJ_645,activate,ask,KBKYNLCOCU,13536,90
09:39:41:589,NKSJ_645,deactivate,bid,MHBPNBGRNY,None,None
09:39:42:085,XOJB_190,activate,bid,CUAMGJXNTC,12940,100
09:39:42:297,YXZW_561,activate,bid,BFTSDXAMDL,13030,72
09:39:42:685,GHHY_942,activate,bid,ADAGQVLOTV,13348,84
09:39:43:157,ZAXI_217,activate,ask,ZCMUNXURIA,13566,240
09:39:43:585,WTJS_734,activate,ask,KVTOIIDXNW,13567,288
09:39:44:184,FFLO_530,activate,bid,RZQGVUNZHS,13192,150
09:39:44:240,DOTZ_154,activate,ask,TFBEKTTUFX,13687,56
09:39:44:703,KDVX_065,activate,bid,ERBEZJXGSY,13075,500
09:39:45:358,PCSH_366,activate,ask,DBAPYCYOAC,13530,80
09:39:45:945,PCSH_366,deactivate,ask,OJVBPOYRJU,None,None
09:39:45:979,YKYS_500,activate,bid,PTDVBDEKGG,13416,192
09:39:46:546,GFKB_410,activate,bid,ZJNXXCSUPM,13409,360
09:39:47:142,RJHA_711,activate,ask,QIXMNPORAA,13564,135
09:39:47:581,TSAO_461,activate,bid,ENLYCAQUUG,13323,48
09:39:48:196,TSAO_461,deactivate,ask,EEJDOSPDVO,None,None
09:39:48:475,TSAO_461,deactivate,ask,BALLZFIUSW,None,None
09:39:48:563,BDUV_963,activate,ask,ICUXHXSBFJ,13779,96
09:39:48:853,KJDQ_398,activate,bid,SUQENLYWPS,13438,336
09:39:49:465,ZTBU_684,activate,ask,NQKHSCCTWB,13684,160
09:39:50:092,ZAXI_217,activate,ask,IDNAIWMGQF,13612,120
09:39:50:389,ZTBU_684,activate,ask,YFAGZECWBW,13682,189
09:39:51:065,YFOU_374,activate,ask,LGWTGDAAIW,13545,200
09:39:51:427,KIUK_592,activate,bid,BEAYBXPEXS,13373,80
09:39:51:635,GHHY_942,activate,ask,HMLBRCHWLR,13536,140
09:39:51:648,TOEY_561,activate,bid,GYSLLSAHPG,13361,180
09:39:51:903,KJDQ_398,activate,ask,IVAPQIMOYR,13530,72
09:39:52:445,GUDK_472,activate,bid,XHBTQOXJHS,13529,216
09:39:52:590,TFST_877,activate,bid,JGHFEYZKMR,13436,144
09:39:52:731,PMWA_283,activate,bid,GGWGDVQLKZ,13503,42
09:39:52:915,JHNQ_723,activate,ask,TPSKRWOVYM,13582,144
09:39:53:161,JVMG_863,activate,ask,OGYZLWDKPV,13530,108
09:39:53:523,GZTK_332,activate,ask,LGUOOUZUII,13535,240
09:39:53:596,KJDQ_398,activate,bid,JIABEFNTID,13373,180
09:39:54:172,NFCJ_991,activate,ask,DYABAMBXCD,13589,450
09:39:54:510,TLKP_290,activate,ask,WWRKVTFIAN,13733,56
09:39:54:512,RSMB_782,activate,ask,NMRKSLGUMZ,13530,80
09:39:54:963,XPKU_205,activate,bid,JIDGENKRRP,13259,350
09:39:55:178,KZQQ_502,activate,bid,GUEJINKFKS,13223,70
09:39:55:693,PLPT_189,activate,ask,TWFBMLOUZV,13538,32
09:39:56:126,YXZW_561,activate,ask,YTRSASYKNA,13601,30
09:39:56:693,XOJB_190,activate,bid,UPSDYUMJZI,13260,200
09:39:56:922,TTGN_389,activate,ask,RSDEEUDENL,13535,20
09:39:57:513,MDWV_305,activate,ask,ESANRKJYDB,13853,198
09:39:57:872,WQMD_156,activate,bid,NWIPENGECF,13482,128
09:39:57:981,SIYH_686,activate,ask,FEOJXIRQTR,13651,96
09:39:58:397,USBV_898,activate,bid,CFLCBOFUTZ,13015,192
09:39:58:478,VBWU_693,activate,ask,DTEAPWFJSQ,13532,64
09:39:58:708,GYWV_414,activate,ask,RPIHXAGOJZ,13549,280
09:39:59:350,TSAO_461,activate,bid,RUGRJQJABZ,13385,252
09:39:59:585,DOTZ_154,activate,bid,LIGGMSAAMH,13530,96
09:39:59:620,PCSH_366,activate,ask,DCKRJPFYIQ,13548,9
09:40:00:099,JHTZ_953,activate,bid,QVPSBLTXIM,13351,378
09:40:00:712,JHTZ_953,deactivate,bid,JTXOCOOSLX,None,None
09:40:01:400,WNPO_051,activate,ask,JUJHWZZVJS,13603,120
09:40:01:597,ESUD_912,activate,bid,VTNHLUMJUE,13281,54
09:40:02:198,AJWE_569,activate,bid,JXAIZKZXKG,13511,180
09:40:02:626,WQMD_156,activate,ask,CDMUFSDUDK,13546,48
09:40:02:823,SUEP_957,activate,bid,OIIROYNVJK,13515,54
09:40:03:127,SUEP_957,deactivate,bid,LADRSWEHAE,None,None
09:40:03:468,GFKB_410,activate,ask,TUXOHIEGYQ,13538,216
09:40:03:604,GFKB_410,deactivate,bid,HXKSWDXFHD,None,None
09:40:03:838,RWFP_299,activate,ask,EVRGVIJFIK,13565,72
09:40:04:341,RWFP_299,deactivate,ask,EWIDNHLJHG,None,None
09:40:04:511,LWCA_600,activate,ask,KRXNWXUPHN,13559,144
09:40:05:141,LWCA_600,deactivate,ask,AOBZWPEHQC,None,None
09:40:05:625,AGKW_757,activate,bid,GHOCILQDTB,13383,144
09:40:05:860,LFDQ_061,activate,ask,IZDYAVLDRN,13562,504
09:40:05:978,TFST_877,activate,ask,NVTFIXFDQR,13623,144
09:40:06:561,NFCJ_991,activate,bid,NCVFGOLWBJ,13520,189
09:40:07:157,YCMY_801,activate,bid,AAXFAPILSY,13514,45
09:40:07:762,PMWA_283,activate,bid,AFCZXBEIDH,13413,384
09:40:08:234,BFDD_288,activate,ask,SISTTNTZPS,13571,1092
09:40:08:546,FZSQ_738,activate,ask,BDEZFLACSH,13615,270
09:40:08:944,GZTK_332,activate,ask,RMRDNIJVUI,13534,1120
09:40:09:239,BDUV_963,activate,ask,NDYJXZSYXE,13573,120
09:40:09:663,LZHC_008,activate,ask,EROZTHIDJG,13531,180
09:40:10:353,MDWV_305,activate,bid,HKFYXXCYET,13530,40
09:40:10:873,ESUD_912,activate,ask,SXIMWCTFYE,13554,60
09:40:10:914,ESUD_912,deactivate,ask,YYUEMBCDDL,None,None
09:40:10:985,PMWA_283,activate,bid,FZCAWUMAMB,13530,140
09:40:11:514,GHHY_942,activate,bid,FAFWPFJCCT,13454,54
09:40:12:029,TSDU_755,activate,bid,LCANDZMZPL,13515,432
09:40:12:480,TSAO_461,activate,bid,JIEGPKYFSD,13468,40
09:40:12:598,ZEWX_502,activate,ask,ICUJFWRBSP,13711,16
09:40:13:288,QQKN_297,activate,ask,HKADDFBILN,13532,288
09:40:13:419,ILQT_147,activate,ask,XJJDHZPTML,13581,144
09:40:13:693,ZAXI_217,activate,bid,MRARQLCHMM,13450,72
09:40:14:053,AIWX_780,activate,bid,CLBFGHBCOH,13530,126
09:40:14:732,GHHY_942,activate,ask,UWPGSSGXZV,13650,16
09:40:15:150,GFKB_410,activate,ask,GPLEXDHYXT,13534,30
09:40:15:261,PUUJ_280,activate,ask,POWTTHPQNZ,13533,72
09:40:15:646,ESUD_912,activate,ask,CDZUVLWGVN,13536,84
09:40:16:297,ESUD_912,deactivate,ask,QJQMJDNKIF,None,None
09:40:16:346,AJWE_569,activate,bid,QKBCKUUJNN,13531,100
09:40:16:468,AJWE_569,deactivate,ask,GMVUXESJIT,None,None
09:40:17:105,ZBVS_913,activate,bid,ZQCIENUGLY,12980,80
09:40:17:124,TTGN_389,activate,ask,YQFHOBYDAS,13563,48
09:40:17:184,EAVH_368,activate,ask,QCHCSPYEVG,13532,240
09:40:17:465,TSAO_461,activate,ask,UAQDVVPAYX,14072,420
09:40:17:853,TSAO_461,deactivate,bid,PORSRDFDGB,None,None
09:40:18:239,CLPE_513,activate,ask,IDDKPLQVRB,13572,180
09:40:18:436,TSDU_755,activate,ask,WCNIWFEEFR,13573,400
09:40:18:714,AGKW_757,activate,ask,BKPPCZPQOK,13534,24
09:40:19:167,GYWV_414,activate,ask,ZGBNNWQEKH,13766,36
09:40:19:384,MUMV_408,activate,ask,HKVOMMQSFW,13770,18
09:40:20:084,SGQU_037,activate,ask,SWILBNOKAU,13606,588
09:40:20:250,BFDD_288,activate,bid,YFEUPEAMLK,13530,720
09:40:20:329,KDVX_065,activate,bid,AKCNFFCMOA,13383,162
09:40:20:400,TTGN_389,activate,ask,JVJOXSHLGU,13589,540
09:40:20:789,PCSH_366,activate,ask,KXHWKAUZYM,13623,144
09:40:21:449,ONGP_558,activate,ask,WROVVVMAXI,13590,480
09:40:21:752,ONGP_558,deactivate,ask,ICUJFWRBSP,None,None
09:40:22:137,GHXZ_344,activate,ask,FZNVUTFEMO,13536,200
09:40:22:417,KJDQ_398,activate,ask,EELJMNSDKP,13541,40
09:40:22:463,AIWX_780,activate,ask,ELFISPGLRI,13974,108
09:40:23:054,NKSJ_645,activate,bid,FXDYNEALJO,13530,81
09:40:23:635,NKSJ_645,deactivate,bid,BPUHHMTSDZ,None,None
09:40:23:756,TOEY_561,activate,bid,VVTDYYGHCA,13186,30
09:40:24:208,KIUK_592,activate,ask,WAXEPOVOKX,13633,60
09:40:24:838,LVBW_250,activate,ask,TSTQCYRMAM,13633,144
09:40:25:462,NFCJ_991,activate,ask,TKVYGZBXCX,13608,120
09:40:25:980,WNPO_051,activate,bid,QAMEICNSCC,13494,252
09:40:26:464,WNPO_051,deactivate,ask,LBLIYNXISK,None,None
09:40:27:155,DJGA_355,activate,bid,SEEBSJJCXD,13353,80
09:40:27:231,GYWV_414,activate,ask,FNSHUJGXWT,13684,144
09:40:27:439,WTJS_734,activate,bid,KFFRNMVFUS,13438,300
09:40:27:885,LQLX_167,activate,bid,NOQRUCWRYY,13476,288
09:40:28:038,ZVJA_679,activate,ask,ZHUPCWIHRK,13580,300
09:40:28:231,ZVJA_679,deactivate,ask,NSAQCSZVXR,None,None
09:40:28:435,ZVJA_679,deactivate,ask,GGDGUBEOXF,None,None
09:40:28:634,NKSJ_645,activate,bid,NTVRXDBZMR,13508,243
09:40:28:684,SUEP_957,activate,ask,GNSNBKJDVP,13535,32
09:40:29:262,MDWV_305,activate,ask,VOFHSTLBJT,13692,30
09:40:29:781,LWCA_600,activate,bid,UFSZKFNMHM,13525,48
